2484 4200
12 82 16 89 .
136 80 200 228 η’
228 80 271 230 V„
371 154 381 239 7¹
409 62 873 248 inpeneinpesiam)-

74 300 83 388 ᾗ
133 310 247 390 atque
265 311 416 390 operam
435 290 703 394 commodabat,
732 293 822 369 adeo
836 305 877 368 ut
901 287 1052 390 abistis,
1073 282 1146 374 coa

44 414 46 419 ‘
137 394 213 474 roto
240 393 406 468 nimirum
433 391 471 469 δι
502 389 737 478 Femineam,
766 393 861 489 quasi
891 396 1049 490 parentis
1087 399 1146 482 im

139 520 184 591 co
196 494 371 569 coleretur
383 493 509 568 eidem
520 492 650 588 grata,
686 495 877 568 autoritate
890 495 998 570 etiam
1023 496 1146 594 majo·

138 615 203 681 re,
229 617 273 670 ac
304 591 422 670 suerat
455 593 552 690 apud
575 615 694 667 avum.
745 593 843 669 Hinc
866 594 970 669 sacilc
994 596 1029 671 ei
1053 596 1146 683 fuit,

138 686 263 773 imox'
289 693 474 768 nominato
502 689 625 768 carolo
647 692 962 769 Confirmationem
978 695 1146 772 omniurn

115 882 117 887 ,
138 793 399 892 Prioisegr'oram
434 789 761 890 Archiepiscopatui
792 791 1031 967 Sasisburgrrlrfl
1050 848 1061 882 ,
1082 810 1085 815 ’
1106 797 1147 872 iri

102 894 108 900 ’
138 893 271 999 punito
297 893 339 970 V
335 895 385 968 ini
407 915 449 967 ac
473 890 599 977 Sosiis
613 891 679 966 abs
695 890 864 968 Fridrrr'co
885 892 959 970 III.
1002 916 1146 992 mpera-

41 1007 49 1016 “
139 1009 220 1083 tore
245 992 485 1073 concessorum
514 994 730 1090 impetrare:
768 990 871 1091 super
889 1017 960 1093 qua
986 1016 1026 1069 re
1058 1019 1148 1070 con·

140 1093 274 1184 fesium
300 1093 555 1269 [spiramentum
577 1093 659 1170 vide
681 1093 718 1168 in
742 1093 1035 1184 conterrPort.
1052 1093 1147 1193 spec.

62 1261 72 1282 ‚
139 1192 244 1293 [Cont.
270 1192 312 1270 I..
360 1191 438 1293 orrſs
467 1192 544 1275 III.
570 1217 609 1291 p.
638 1213 720 1289 123.
781 1193 864 1269 Hoc
893 1193 1021 1268 eodem
1047 1217 1151 1269 anno

141 1298 270 1395 (¹52¹
283 1293 308 1394 ›)
345 1296 460 1392 pietas
494 1290 688 1369 cardinatis
725 1292 832 1368 nostri
857 1315 941 1390 erga
963 1292 1004 1370 S.
1032 1295 1149 1368 Rade-

23 1418 30 1436 '
139 1394 283 1498 guidem
308 1392 368 1469 seu
388 1393 580 1469 Rodianam
596 1392 740 1490 pulchre
756 1393 908 1478 enituit,
935 1395 1006 1492 quit
1024 1405 1149 1471 morae

141 1500 181 1575 in
203 1497 278 1570 eius
302 1495 476 1593 honorem
490 1517 623 1571 novam
643 1494 834 1593 Ecclesiam
859 1495 1048 1592 (antiquae
1067 1519 1147 1572 mu·
1164 1560 1167 1564 .

141 1599 174 1695 [ri
199 1594 332 1693 disjecti
346 1593 520 1686 fuerant)
545 1617 655 1691 prope
679 1595 828 1673 castrum
854 1591 1071 1694 Wisenburg
1085 1602 1148 1671 eri-

77 1694 80 1701 ’
142 1695 338 1786 strui,&i
360 1693 487 1770 Ioanne
498 1691 735 1791 Proepiscopo·
751 1692 995 1797 Solisburgenst
1026 1695 1161 1778 conso„

141 1797 258 1886 crati,
282 1796 564 1891 memoriamque
583 1793 635 1867 rei
654 1817 802 1870 nummo
818 1794 1042 1893 praegrandi,
1069 1808 1146 1871 tum

141 1901 252 1972 aureo
265 1909 342 1970 tum
357 1907 550 1992 argenteo,
577 1891 714 1990 copiose
728 1893 809 1971 cuso
832 1897 878 1970 ad
898 1895 1054 1993 posteros
1066 1919 1147 1995 pro·

139 2068 141 2073 .
167 1997 265 2092 agari
288 1994 391 2093 jussit
438 1993 668 2072 Numismatis
688 1997 847 2091 argentei
871 1995 981 2072 facies
995 2019 1068 2072 una
1086 2020 1145 2073 ex·

48 2137 50 2140 Α
136 2022 241 2177 iiber
275 2093 430 2190 effigiem
460 2094 654 2170 Cordinolis
678 2119 761 2170 curn
786 2094 1010 2192 inscriptione
1027 2096 1144 2171 :Mon

139 2183 144 2190 ι

109 2246 113 2251 ,
142 2195 248 2274 tsroeus
279 2195 380 2272 cord.
397 2194 565 2293 Arciirp.
593 2192 778 2294 Soizbarg.
805 2221 845 2281 ar
871 2195 909 2271 E
933 2221 971 2272 us
1002 2195 1142 2272 Garcrn.

111 2332 114 2337 ·
137 2295 350 2399 MDXXI.
373 2294 498 2370 Altera
517 2295 626 2401 facies
651 2292 872 2392 speiiandam
910 2311 947 2371 at
962 2283 1000 2372 is.
1017 2295 1142 2372 Radia-

137 2423 222 2495 ‚nom
249 2396 308 2471 seu
322 2395 614 2493 'Radegnndemi
639 2394 778 2473 dnobus
808 2396 899 2493 lupis
924 2397 1141 2494 impetitam,
1182 2424 1185 2431 ⁴

60 2565 66 2581 ,
145 2521 229 2574 cum
256 2497 323 2570 hac
343 2496 559 2592 epigraphe:
581 2492 618 2571 S.
639 2495 752 2596 Virgo
779 2495 942 2571 Radiona·
960 2500 984 2592 †
1002 2495 1074 2572 Oro
1085 2517 1140 2592 pro
1183 2533 1185 2540 ·

145 2594 376 2674 nobisDeom.
426 2595 480 2670 Ita
497 2593 632 2686 Corbio.
646 2620 796 2673 nnnmm
812 2596 967 2684 dorcam
981 2597 1050 2696 (r).
1071 2595 1140 2671 Ali·
1159 2640 1163 2646 ·

141 2714 198 2774 ter
214 2695 396 2792 Inscriptio
410 2692 518 2770 huius
531 2697 669 2772 nummi
682 2697 875 2792 legiturlin
901 2697 1033 2772 Libro:
1059 2694 1139 2772 Son·
1181 2740 1185 2785 4

56 2842 63 2853 ‚
136 2797 186 2874 ‘tri
210 2795 425 2896 Augustani,
453 2797 641 2872 videlicet:
676 2797 864 2872 Martiam
900 2795 987 2896 Epi.
1017 2794 1157 2876 Arban.-

117 2907 119 2911 ’
136 2894 263 2997 ‚Carrio
282 2895 458 2995 Archieps.
475 2894 660 2996 Solzburg.
677 2911 714 2972 et
730 2897 790 2973 sub
807 2896 921 2992 effigie
956 2896 1075 2996 Nostri
1085 2918 1139 2994 po·

29 3020 33 3028 ·
127 2999 241 3091 'nitur
266 3019 380 3071 annus
407 2995 624 3071 MDXXX
624 2996 732 3077 VIII
734 3025 746 3080 ‚·
773 3022 854 3073 cum
869 2997 1029 3095 inpriori
1045 3017 1138 3071 num·

136 3122 207 3193 mo
221 3119 337 3173 annus
354 3095 441 3170 MD
454 3137 503 3151 -
519 3095 632 3174 XXI.
657 3099 706 3174 ita
724 3097 854 3195 posrtus
878 3097 938 3187 fit,
953 3095 1139 3190 ut-effigres

19 3246 22 3251 -
146 3197 266 3300 Nostri
294 3197 411 3272 media
435 3195 615 3294 spesietur.
666 3197 728 3274 Ad
754 3211 992 3273 memoratum
1015 3213 1139 3271 annum

145 3300 301 3393 (1521)
326 3293 456 3392 spesiat
481 3297 592 3374 etiam
619 3297 800 3396 inscriptio
828 3296 864 3373 in
893 3299 982 3373 turri
1007 3313 1137 3390 campa·

138 3399 247 3491 ,naria
266 3395 432 3472 Ecclefiae
463 3395 732 3500 Carthaginrnsts
755 3399 791 3474 in
819 3395 1012 3497 ffifiionia,
1043 3410 1136 3493 quern

20 3567 32 3595 ,
145 3522 167 3574 e
192 3495 385 3596 iscopatum
404 3495 550 3596 Nostro,
576 3498 614 3573 in
635 3490 824 3596 praemium
843 3513 984 3574 navatae
1008 3514 1135 3593 operae,

31 3666 34 3673 ,
182 3598 296 3675 areius
310 3618 423 3695 nuper
435 3590 635 3696 adjecerat:
661 3600 763 3674 cuius
775 3614 898 3675 tamen
909 3596 1134 3698 possessionem

1023 3695 1094 3774 Ne·

103 3834 110 3852 ¹
192 3819 237 3901 (r)
256 3818 292 3883 In
316 3817 474 3887 ffierarch.
491 3818 623 3906 August.
642 3820 678 3886 P.
695 3800 728 3907 1Ἰ,
740 3841 773 3906 p.
789 3838 862 3908 255.
