2484 4200
122 134 125 141 -
190 149 247 275 ‘tte
453 188 663 269 'tuncrus
686 126 937 288 (Manibus)

192 381 268 458 que
287 353 534 449 Principibus,
558 380 712 454 quorum
725 355 892 445 fincerius
904 367 983 431 erat
1003 354 1042 433 in
1055 375 1207 437 remca-⁴

73 478 81 499 '·
192 456 366 547 tholicarn
380 454 762 542 studium,Ralitbonc
770 457 938 539 convenit
953 458 1048 533 circa
1062 457 1205 536 Festum

159 604 161 608 v
193 556 237 638 S.
256 555 397 633 Ioannis
419 556 579 656 Baptistae
602 557 757 632 eiusdem
779 557 884 658 anni,
908 558 968 633 ubi
981 557 1100 632 faedus
1113 560 1206 635 inte'r

56 692 58 699 ·
178 657 232 737 'se
260 657 431 738 fecerunt
446 659 503 730 die
532 662 564 730 d.
592 654 688 742 sulii,
713 680 756 732 ac
779 658 951 735 nonnulla
973 657 1202 737 saluberrima

95 802 97 807 ,
119 840 125 857 ,
171 758 343 841 ,decreta
356 776 421 852 pro
438 757 654 830 executione
678 751 929 856 Wormolt'enfis
943 751 1080 847 Edisti,
1106 759 1144 837 dr
1159 760 1203 834 ri·

196 869 304 934 tuum
325 855 548 954 pristinorum
574 854 849 930 conservatione.
900 857 995 931 Inter
1009 858 1079 931 alia
1100 859 1202 934 statu·

198 971 296 1032 trem:
324 956 378 1030 uti
404 954 667 1029 certihomines
684 955 943 1051 deligerentur,
972 957 1033 1050 qui
1047 980 1113 1051 pet
1128 980 1227 1053 pro,

105 1080 107 1087 ·
191 1057 357 1132 ‘vinciam
372 1051 518 1129 studiose
536 1055 656 1128 omnia
674 1056 933 1150 pervestigent,
959 1056 1070 1132 veluti
1087 1059 1200 1154 lnqui-

195 1155 322 1234 litores
340 1179 349 1230 :
370 1152 489 1228 sontes
515 1153 684 1241 custodiae
711 1155 927 1230 mandentur
941 1155 976 1232 dr
991 1158 1198 1252 puniantur:

193 1255 225 1337 fi
243 1253 329 1353 quid
346 1252 439 1328 forte
451 1266 617 1328 motuum
640 1277 683 1328 ac
703 1253 912 1331 seditionum
936 1255 1020 1331 inde
1037 1257 1074 1331 iu
1089 1261 1199 1347 cuius·

78 1373 81 1380 ·
147 1396 150 1401 ·
197 1357 295 1457 piam
307 1354 437 1433 sinibus
449 1353 668 1440 nasceretur,
685 1352 831 1429 subfidio
844 1356 968 1451 reliqui
980 1355 1068 1443 fint,
1083 1381 1198 1454 opetu-

196 1480 268 1555 q-ue
287 1455 377 1531 alter
398 1453 501 1527 alteri
522 1452 651 1528 serant
701 1454 822 1529 Huius
835 1455 888 1528 roi
907 1457 1044 1551 primus
1069 1458 1198 1554 pericu·
1236 1548 1238 1553 y

195 1555 372 1635 lumsecit
396 1551 584 1627 Molliunt
596 1573 780 1629 enormem
795 1567 985 1652 propterea
999 1552 1198 1633 seditionem
1233 1564 1238 1665 j

196 1653 336 1757 passus,
374 1663 417 1736 ut
442 1675 529 1727 mox
549 1652 697 1728 dicetur.
723 1727 725 1730 ,
751 1651 811 1728 Ad
844 1655 976 1746 bellum
1007 1676 1195 1754 praeterea,
1233 1668 1238 1787 1

167 1753 303 1859 ¹quaed¹
318 1753 412 1828 inter
435 1749 689 1850 >Sigismnndum
715 1751 863 1833 Polone'ee
889 1777 1036 1850 regem,
1074 1757 1113 1834 dt
1139 1755 1195 1856 Al
1234 1790 1238 1879 4

194 1854 327 1932 berlum
341 1850 698 1950 Brundenbntgt'cntn,
708 1851 931 1929 Pentenornm
945 1855 1119 1951 Equitum
1132 1858 1196 1932 Mtt-
1229 1888 1238 1929 -t

128 1968 162 2032 ἓ
193 1955 342 2054 gistrum
352 1952 622 2050 repulluluscere
631 1956 802 2049 coepeiat,
815 1955 1110 2048 restinguendum
1123 1955 1196 2033 Car·-
1216 1978 1225 2045 ξ

148 2075 151 2080 ⁴
194 2054 323 2134 eleale
347 2053 454 2128 nostri
478 2077 587 2149 opera
608 2055 632 2128 d
657 2053 820 2129 Clemente
841 2056 999 2152 quaesita,
1114 2090 1118 2097 ¹
1162 2095 1166 2100 ·
1237 2134 1238 2149 p

203 2230 209 2244 ,
271 2151 383 2232 Anno
396 2154 702 2230 MDXXV.‘novo
715 2166 847 2229 conatu
860 2154 1010 2229 ostendit
1026 2173 1195 2243 utuntur,
1226 2186 1229 2193 ¹

102 2251 108 2257 ’
195 2270 423 2356 quantopere
446 2255 647 2330 animarum
675 2253 735 2330 sibi
756 2253 970 2328 creditarum
1000 2250 1196 2333 salutemin
1237 2307 1238 2344 2

198 2355 297 2434 votis
323 2352 498 2441 haberet,
526 2355 612 2428 dum
637 2368 798 2429 veterem
812 2355 1037 2449 Religionem
1052 2358 1197 2432 luculen

183 2440 284 2532 lriori
307 2453 492 2528 molimine
516 2455 696 2539 ruiturus,
715 2456 759 2532 'dt
774 2452 998 2529 Novatorum
1024 2457 1197 2530 audaciam
1218 2501 1238 2549 .,

199 2552 364 2633 validiori
378 2553 517 2627 ratione
534 2552 781 2650 oppreffuruS,
804 2549 975 2650 Synodntn
988 2553 1196 2655 dioecesanum
1236 2575 1238 2649 t

38 2720 43 2725 .
192 2655 381 2743 *celebrare
398 2652 599 2737 constituit:
626 2655 728 2728 cuius
752 2657 1043 2744 convocationem,
1067 2679 1131 2754 pto
1149 2652 1196 2738 ‚die
1213 2703 1238 2753 Ι,

156 2758 160 2775 ’
199 2777 237 2852 7..
258 2752 393 2850 Aprilis
419 2752 501 2827 diiii
525 2754 611 2828 anni
640 2755 844 2838 decretam,
871 2755 908 2828 in
923 2755 1098 2830 Archivio
1117 2759 1196 2832 Con⁴

198 2853 322 2934 fistorii
344 2849 606 2955 Salifhnrgenfis
632 2853 818 2936 asservari:
844 2868 882 2929 at
914 2852 1087 2951 Spnodnm
1112 2856 1196 2941 iliam
1236 2799 1238 2929 i

198 2953 497 3034 interlabentibus
515 2955 619 3029 nouis
643 2954 848 3046 discordiis,
872 2954 1119 3031 &rebellione
1135 2954 1197 3030 sub·
1237 3022 1238 3044 ,

200 3055 362 3130 ditorurn
393 3069 518 3127 exorta
551 3055 708 3129 omissam
737 3053 833 3129 fuisse
872 3068 996 3129 monet
1032 3055 1197 3131 Florianus
1237 3103 1238 3133 t

66 3152 69 3163 ’
202 3175 370 3243 nonnum
395 3149 434 3227 iu
463 3149 624 3228 Conciliit
646 3151 838 3252 Solisbnrg.
853 3180 889 3252 p.
920 3167 1004 3248 287.
1032 3157 1139 3231 Hisce
1156 3151 1197 3228 ni·
1237 3230 1238 3234 ,

201 3256 337 3336 mirum
359 3254 581 3351 temporibus
599 3268 791 3343 exortum,
815 3253 948 3329 Bellum
975 3253 1198 3355 Rustiecnun.
1237 3249 1238 3269 ¹

201 3353 305 3452 quod
322 3350 513 3427 Gereeeonioe
533 3376 615 3427 otas
639 3355 817 3443 caedibus,
843 3355 1000 3451 rupium,
1025 3355 1198 3430 'crudelita-

199 3456 304 3531 obus
328 3452 505 3548 replsrat,
535 3453 645 3527 etiam
670 3455 707 3528 in
732 3455 907 3529 ditionem
931 3453 1198 3554 Solisbn'rgenjin

205 3549 387 3654 perrepfit.
438 3551 525 3626 Erat
545 3551 705 3628 sacerdos
731 3555 900 3653 quidam,
924 3578 970 3628 ex
991 3554 1198 3630 Novatotum

81 3668 84 3673 '
207 3651 368 3728 dodirina
392 3651 533 3745 publice
556 3655 798 3730 concionatus.
848 3655 958 3730 Hunc
983 3649 1199 3754 Arebiepisee·

188 3777 277 3859 ‘put
305 3749 427 3832 debita
452 3753 568 3853 poenl'
585 3776 749 3830 coercere
776 3752 971 3846 statuerat:
1010 3754 1092 3841 sed,
1131 3754 1198 3828 dun

886 3888 891 3896 “
959 3877 1164 3959 flere·-
