2484 4200
370 196 559 283 'iruoius
583 200 603 307 (
615 202 845 327 Mottiana}
1073 223 1126 304 37

107 373 167 452 tio
193 380 456 448 {nucimento
485 373 564 449 cive
597 372 796 475 Argustana
824 373 982 470 quinque
1019 370 1124 448 milli·

111 477 176 553 bus
205 497 251 548 ac
287 473 452 547 ducentis
479 471 702 573 Rbeaeafibur
742 475 855 547 aureis
879 477 1124 571 comparavit,-

112 577 264 651 obtenta
284 571 425 670 insuper
453 572 549 670 apud
571 571 750 650 Caesarem
776 572 969 669 facuitate:
995 586 1125 649 utnon
1146 636 1148 640 ,

113 672 320 752 modo-iilud
334 673 456 747 multis
483 672 559 771 jam
587 671 722 749 saeculis
747 673 904 748 dirutum
928 672 1125 748 reaedifica·

71 834 74 842 ,
113 788 186 860 ret,
214 794 342 850 verum
368 774 478 847 etiam
501 772 704 848 Nobilitatis
718 773 864 848 titulum
883 773 928 848 ab
942 771 1071 847 eodem
1084 775 1123 849 in

113 885 274 971 agnatos>
287 871 369 947 suos
396 885 567 970 perpetua
589 873 859 971 praeeminentia
875 872 1100 948 continuaret
1111 895 1125 968 ς,
1156 884 1160 907 ”

114 975 204 1049 unde
229 997 278 1046 ex
305 970 366 1047 illo
396 985 559 1071 tempore
599 994 768 1059 rouen,
807 971 846 1047 de'
884 971 1121 1073 Wesenberg,

114 1073 354 1170 cognominati
378 1073 438 1167 (a).
499 1072 578 1150 ·Vix
613 1085 735 1148 autem
762 1073 952 1148 Matthaeus
982 1075 1122 1169 magni·
1182 1083 1185 1094 '

116 1174 186 1249 sicis
201 1171 382 1249 struituris
409 1195 530 1247 arcem
554 1171 876 1260 absolverat,illico
903 1173 950 1248 ad
969 1176 1153 1271 potesta-1*

116 1285 185 1350 tem
208 1272 308 1360 suam
333 1272 628 1348 manifestandam
649 1272 859 1372 Augustam}
876 1275 1068 1373 aucupium
1081 1274 1119 1348 in

117 1373 180 1449 suis
194 1373 401 1467 nemoribus
414 1367 603 1471 prohibuit.
647 1373 782 1449 Habita
799 1374 926 1449 eodem
940 1374 1036 1447 anno
1050 1373 1123 1464 Co·

116 1473 211 1549 mitia
244 1471 444 1575 Constantia
476 1474 522 1549 ad
543 1472 760 1549 dominicam
771 1471 1045 1567 Miserimrdr'os',
1063 1473 1121 1548 se·

116 1574 266 1649 cundum
279 1573 354 1671 post
367 1571 522 1659 Pascha,
548 1575 677 1671 quibus
695 1574 883 1651 Mottiana
897 1572 1013 1649 noster
1027 1594 1121 1671 prae·

117 1686 166 1750 ter
191 1695 333 1750 morem
374 1673 470 1749 haud
495 1673 639 1749 adfuisse
674 1675 887 1764 invenitur,
926 1674 1001 1749 fors
1038 1675 1122 1750 aiibi

118 1773 219 1871 regiis
245 1773 401 1870 negotiis
444 1773 676 1849 conficiendis
705 1775 884 1849 distentus.
908 1794 916 1802 ’
947 1774 1029 1851 Fuit
1058 1799 1123 1852 au-

117 1883 184 1951 tem
209 1874 341 1952 deinde
378 1870 462 1951 cum
488 1874 732 1955 Maximisr'uao
763 1873 942 1972 Oenipoati
953 1897 965 1965 ;
990 1876 1052 1950 ubi
1076 1877 1144 1951 de.

118 1977 219 2050 rebus
244 1973 376 2064 divinis
403 1979 487 2050 cum
512 1975 651 2069 Legato
679 1973 890 2070 apostolico,
932 1972 1122 2049 Cardinale

118 2073 328 2151 Bernardino
342 2096 617 2164 convocamur,
642 2070 744 2171 super
759 2067 873 2171 ep'ulis
889 2074 1002 2148 muita
1022 2074 1123 2150 disse·
1224 2136 1228 2144 .

119 2175 206 2265 ruit,
245 2171 419 2272 praesente
449 2175 572 2270 Rege,
600 2171 825 2271 multumque
852 2174 1045 2270 voluptatis
1074 2199 1121 2251 ex

120 2275 216 2351 dotia
237 2275 408 2354 Virorum
421 2274 549 2350 horum
572 2272 900 2368 sapientissimorum
919 2271 1123 2369 disputatio·

120 2399 160 2452 ne
175 2430 186 2466 ,
200 2375 247 2451 de
262 2397 332 2472 qua
347 2375 494 2449 inferius
519 2374 657 2448 mentio
670 2385 852 2456 recurret,
880 2376 1042 2471 capiente
1056 2372 1123 2470 (v).-

181 2476 463 2551 lnibatannusa
479 2485 580 2570 parta
604 2471 714 2549 salute
737 2473 906 2550 MDVIH.
934 2473 1035 2549 cuius
1053 2477 1125 2572 pri·

83 2597 85 2601 ’
120 2577 254 2652 mordia
290 2573 440 2651 Caesaris
471 2575 508 2648 in
539 2573 678 2648 Italiam
714 2573 893 2671 profesiio
913 2573 1123 2651 nobilitavit.
1236 2579 1241 2586 '

121 2675 213 2752 Huic
239 2699 286 2749 ex
307 2671 408 2750 solito
429 2697 551 2748 comes
579 2696 661 2748 cum
679 2675 748 2748 iret
760 2673 971 2760 Matthaeus,
993 2674 1126 2750 fastum

128 2775 298 2864 Tridenti,
339 2775 435 2871 quod
466 2773 641 2849 Gerardus
670 2773 710 2847 de
735 2797 811 2847 noo
833 2771 895 2871 (x)
919 2774 1051 2861 refert,
1074 2775 1128 2850 di·

120 2880 228 2952 censi
258 2873 374 2974 cosor
407 2872 601 2949 Tridentum
622 2871 791 2972 profisius
805 2875 861 2948 ud
884 2877 1019 2949 tertium
1049 2874 1130 2950 No-'

121 3002 192 3051 aar
213 2972 418 3052 Februarius
441 2971 586 3073 puhlicis
597 2971 899 3072 supplicationibus
906 2975 1050 3073 perosis
1062 2977 1126 3049 irrr-

100 3079 152 3168 ‚io
179 3075 319 3150 Italiam
342 3075 463 3157 edicit,
491 3072 531 3150 u
549 3099 607 3167 per
622 3073 825 3149 Mattianum
838 3096 1021 3148 ranorum
1036 3073 1122 3173 Epr-

114 3177 273 3273 potarum
285 3175 490 3274 Magistrum
503 3171 723 3274 esuggastuse
733 3200 799 3248 noa
811 3178 886 3272 jum
899 3177 1064 3268 Regem,
1087 3169 1125 3247 iat

120 3275 270 3352 iudanos
282 3273 357 3373 ,sed
370 3276 617 3349 Romanorum
636 3272 889 3372 Imperatorem
904 3276 1086 3371 deincepsu
1109 3315 1127 3330 -

118 3374 304 3474 pellandum
327 3376 543 3475 promulgari
560 3371 668 3470 jabet.
717 3375 862 3449 Miserat
884 3375 1050 3447 nimirum
1088 3397 1128 3445 u-

540 3473 619 3569 C3
860 3494 863 3499 '
1012 3473 1078 3545 lius
1109 3496 1111 3501 ·

161 3624 205 3696 (t)
229 3610 401 3686 cussanus
424 3621 443 3684 i.
471 3642 494 3686 a.
518 3640 548 3703 p.
574 3634 665 3704 1745.
696 3637 892 3709 unanimus
915 3619 948 3684 in
970 3616 1126 3687 sisararcsr.

125 3703 240 3788 August
271 3706 304 3768 P.
320 3705 343 3768 s.
359 3725 389 3787 p.
407 3725 478 3786 255·
501 3703 535 3768 δι
560 3704 622 3774 alii.

163 3789 469 3868 (u)rrnnsrz1usi.
493 3808 516 3850 c.
579 3793 581 3797 '

122 3879 217 3961 tiss)
237 3872 277 3942 1⁸
301 3869 449 3943 Anaua.
469 3871 621 3964 Austriac.
646 3890 676 3962 p.
698 3886 775 3960 432·
1029 3819 1052 3845 '¹
1192 3866 1209 3951 ι-
