2484 4200
38 127 42 134 ¹
82 132 132 240 '¹8
264 141 511 229 ‘mauranus
534 140 594 224 vel
619 128 786 239 amarti(
800 141 972 250 Xystus).

109 334 198 412 ergo
223 313 323 391 uices
354 294 396 392 ut
428 313 696 414 supplerentur,
731 326 959 390 annuamus
997 310 1128 414 Angu-

100 421 190 520 flam
204 414 397 502 invitatus,
422 415 650 492 vocationem
661 415 833 491 suadente
846 414 1139 512 inprimisnnrs,

110 535 228 601 aluo,
254 537 298 617 ac
321 516 490 617 dicente:
519 513 644 591 Patria
669 516 773 613 petit:
798 539 879 612 ergo
901 515 1052 614 patriam
1062 543 1126 615 pe·

77 664 84 681 ·
111 627 165 702 te,
195 615 357 710 gaudens
385 615 547 712 accepit3
571 613 667 712 quod
697 627 735 690 et
762 613 921 691 vitandae
948 615 1128 702 invidiae,

111 727 151 791 et
170 713 326 790 visendae
347 715 494 811 patriae,
522 735 605 811 quae
626 712 744 789 nescio
758 736 830 813 qua
841 714 1030 793 dulcedine
1045 714 1142 795 suos⁴

110 811 243 901 trahit,
270 812 405 890 occasio
422 814 506 889 inde
522 814 584 888 s1bi
600 813 757 894 daretur.
797 814 923 912 ltaque
936 815 1144 912 postquam·

111 914 147 990 se
169 912 375 1014 Magistrum
405 911 623 1012 Philosophiae
661 936 758 989 anno
787 923 890 1009 1536.
930 913 1004 990 IV.
1043 913 1131 993 Idua

113 1010 295 1092 Februarii
309 1067 319 1097 ‚
332 1013 369 1090 ὅ(
380 1015 529 1112 primum
542 1013 687 1108 quidem
700 1013 775 1112 post
791 1014 981 1089 immutata
992 1012 1132 1103 Sacra,

112 1113 257 1214 publico
269 1113 530 1189 Litterutorum
542 1111 732 1211 applausu,
744 1106 936 1220 solenniter
950 1114 1064 1199 cteari
1075 1115 1132 1189 fe-.

113 1212 233 1299 cisset,
257 1213 446 1314 Angustam
470 1216 597 1299 venit,
637 1211 901 1311 susceptamque
935 1212 1131 1296 Palmaria-⁴

113 1309 171 1391 tris
198 1315 421 1413 provinciam
444 1315 494 1388 ita
520 1314 569 1388 est
594 1312 805 1400 exsecutum
830 1325 873 1388 ut
902 1311 998 1412 spem
1022 1315 1068 1390 de
1096 1313 1144 1397 se„

115 1426 329 1511 conceptam
343 1413 491 1490 minime
505 1413 680 1489 fefellerit.
718 1414 827 1495 Certe
847 1411 1017 1488 Hearicns
1031 1420 1133 1489 unus

43 1554 52 1584 i
115 1535 244 1592 annuo
269 1513 292 1588 l.
320 1540 349 1587 c.
374 1515 491 1589 testari
510 1538 584 1596 non
611 1511 745 1590 omisit:
771 1512 833 1589 sibi
847 1513 946 1596 illum
972 1515 1010 1592 in
1027 1537 1140 1609 mage.

115 1635 164 1688 na
186 1613 391 1689 auditorum
431 1614 634 1714 frequentia
664 1614 856 1690 docentem
890 1638 988 1694 anno
1023 1636 1132 1711 1540,

109 1712 285 1790 auditum·
308 1713 419 1790 fuisse.
585 1738 611 1750 ··
718 1751 721 1757 ·
882 1719 884 1727 '
1034 1728 1037 1735 '
1088 1724 1093 1739 '

23 1852 26 1857 ·
86 1908 89 1913 ³
189 1810 262 1888 Pro
287 1824 389 1889 more
416 1813 557 1917 Bafilaa
586 1815 607 1890 a
634 1811 669 1889 se
694 1813 901 1900 observato,
928 1813 1038 1897 etiam
1052 1811 1133 1899 Aa·

115 1915 217 2016 gusta
241 1910 491 2012 juventutem,
529 1936 626 1992 curae
651 1913 725 1990 suae
753 1911 995 2000 commissam,
1022 1913 1133 1988 decla·

46 2012 53 2021 ’
116 2010 342 2102 motionibus,
376 2013 679 2114 disputationibus,
701 2011 911 2092 danmatione
938 2015 977 2089 in
989 2012 1135 2103 scenam

115 2111 296 2214 'produitis
327 2118 439 2213 probe
473 2117 651 2192 exercuit.
721 2112 784 2192 Ad
809 2115 891 2197 haec
920 2113 1136 2194 ,scholastica

41 2212 62 2245 ²
117 2215 399 2297 exercitamenta
425 2215 586 2290 invitatis
616 2213 714 2299 Viris
742 2214 952 2312 primatibus
982 2212 1135 2312 discipu·

23 2373 27 2385 .
116 2313 172 2391 los
189 2312 269 2389 suos
287 2313 447 2412 impense
467 2315 760 2401 commendavit,
785 2338 900 2412 eaque
924 2315 1134 2389 rationeib

91 2414 163 2489 ‘lis
194 2414 234 2491 da
257 2427 480 2491 maecenates
505 2415 642 2500 bonos,
680 2413 718 2493 δι
741 2414 1134 2511 studiorumstlpendta

118 2513 321 2588 conciliavit
344 2513 419 2615 (ln).
472 2516 608 2591 Diebus
625 2516 722 2617 sestis
739 2516 1027 2590 autumationum
1042 2515 1136 2595 duos

117 2611 232 2688 tresue
257 2611 401 2693 suorum
421 2613 693 2712 discipulorum,
726 2636 816 2713 quos
848 2616 1006 2691 eminere
1033 2614 1135 2706 videa

26 2728 29 2745 '
117 2713 200 2797 bat,
227 2713 395 2811 privatim
408 2713 858 2816 affumptosAJlronomia,
885 2712 1133 2813 Poaseos,Hi·

65 2860 78 2869 -
113 2813 287 2913 sloriaqua
323 2815 513 2890 elementis
539 2815 712 2890 instruxit.
765 2818 854 2895 Tam
883 2815 921 2890 in
951 2815 1132 2891 amoribus

118 2913 244 2989 habuit
272 2912 460 3013 discipulos
490 2913 596 2999 suos,
622 2927 662 2990 ut
692 2916 730 2989 in
758 2929 903 2992 exteras
917 2912 1132 2990 Academias

118 3023 311 3110 pergentes
338 3013 544 3090 comitando
573 3014 817 3092 humanissime
843 3014 1041 3089 deduxerit.
1080 3012 1132 3096 A,

84 3158 86 3163 ν
119 3110 363 3190 dulescentum
391 3115 531 3189 animos
556 3115 604 3189 ad
628 3116 800 3210 legendos
827 3112 1016 3211 Scriptores
1035 3115 1133 3187 accla-

115 3214 260 3328 fiaflicos
284 3210 436 3290 suaviter
448 3215 613 3290 traduxit
620 3243 633 3296 ‚·
657 3217 744 3291 dum
758 3217 810 3291 eis
826 3213 1040 3290 Latiantinm
1055 3213 1132 3290 aun

110 3337 290 3398 ‘mrauum‚
318 3313 565 3412 probatiffimae
585 3315 790 3393 Latinitatis
809 3315 914 3391 laude
928 3314 973 3389 ad
1001 3312 1132 3388 Cicero·

120 3437 194 3487 nem
220 3415 385 3512 proxime
406 3414 668 3506 accedentem,
704 3409 935 3515 praelegendo
964 3413 1132 3511 explana·

1005 3515 1083 3589 vit:

164 3658 214 3734 sb)
236 3663 272 3727 In
294 3661 375 3727 banc
397 3681 464 3728 tem
479 3659 836 3726 numentanam:
859 3658 904 3723 vei
920 3661 973 3722 uni
989 3657 1047 3743 flii
1065 3657 1131 3735 Ste-

119 3741 251 3825 phanum
276 3750 491 3818 1snu1uuna(
518 3743 694 3808 hauddubie
716 3742 867 3827 Bustica)
887 3751 1069 3809 macenorum
1100 3741 1131 3805 a'n

113 3822 299 3909 septennium
322 3826 344 3892 d
371 3828 480 3915 Nostro
505 3831 695 3911 impetratum
710 3821 808 3913 fuiffe.
847 3840 849 3846 ⁴
923 3854 926 3859 ·
