2484 4200
326 194 509 279 unctus
536 186 785 288 (Mattioearl
1023 200 1072 274 ⁶1

65 358 270 440 etiamnum
283 355 304 457 (
317 355 434 455 Ajunt
448 356 520 435 FF.
536 361 753 449 mnznuar)
772 379 872 431 arma
885 357 962 434 eius
976 358 1074 456 spec·
1214 418 1218 447 ,

62 459 179 537 tanda
188 456 450 543 conservantur,
464 459 636 553 grandem
646 458 800 532 hominis
812 455 977 533 staturam
990 483 1072 557 pro·-

66 560 203 638 bantia.
252 558 345 635 Rem
369 557 503 651 gestam
527 558 697 652 exprimit
734 556 889 652 pistura,
928 581 1009 654 quac
1031 561 1071 639 in
1129 635 1135 647 ,

63 673 194 759 porta,
220 657 339 735 Beate
368 655 526 755 Virginis
547 658 660 741 dina,
685 656 782 732 urbis
798 655 1072 758 Angustonoevi·

63 759 151 836 fitur
177 783 259 835 cum
285 758 354 832 hoc
377 757 570 833 lemmate:
597 756 785 830 Matrinus
813 756 1080 835 annorusPa·,
1136 840 1139 845 ,

62 859 188 934 ariciae
210 859 428 956 Augustanus
446 856 639 932 Cardinole's
663 854 703 931 Εἰ
716 853 992 955 Archiepiseopus
1008 883 1072 933 aa·

62 984 109 1034 no
124 955 372 1045 MDXXIII.
387 955 653 1056 Salisburgenses
658 955 827 1056 supplices
849 959 887 1030 in
897 959 1071 1058 fidem're'·

62 1060 148 1133 ciii
185 1082 242 1134 x.
863 1096 866 1103 λ
1055 1086 1059 1093 ’

91 1085 118 1158 p
141 1055 266 1233 idedus
288 1157 387 1232 domi
410 1156 546 1254 pacatis
563 1154 751 1231 Matthaeus
771 1157 817 1230 ad
843 1155 1072 1234 instauranda

52 1257 233 1335 Ecclesrae
256 1256 329 1332 suae
350 1257 533 1355 privilegia
546 1258 704 1331 animum
720 1254 862 1352 adjecit.
910 1258 964 1331 Ea
978 1283 1070 1335 non.-

54 1358 171 1434 ·nullis
185 1359 224 1433 in
242 1356 331 1431 locis
353 1379 417 1455 per
431 1379 546 1431 annos
562 1353 755 1452 superiores
768 1355 975 1429 labefaiiata
990 1357 1069 1431 sue·

62 1471 143 1533 rant
167 1456 360 1535 intrufione
374 1455 568 1531 Praesulum
587 1457 624 1530 in
640 1454 814 1529 Ecclesras
831 1454 1070 1550 suffraganeas

62 1556 319 1654 illas,vquibns
344 1557 428 1631 dare
442 1556 617 1653 pastorem
640 1553 995 1652 Archiepiscoporum
1008 1555 1068 1653 jus
1103 1590 1106 1595 ·
1199 1638 1207 1647 .,

63 1659 200 1733 avitum
227 1670 313 1731 erat
369 1653 543 1758 Gurcenfie
568 1655 613 1729 de
639 1655 812 1752 potestate
830 1648 1069 1756 Sulieburgen·

59 1762 138 1857 fiam
151 1778 260 1855 poene
283 1756 400 1831 fuerat
426 1755 641 1831 abstraPeus:
664 1756 793 1830 tentati
807 1780 1067 1854 nonnunquam

66 1857 278 1950 Seecovienfis
301 1857 338 1933 &
362 1854 586 1931 Macerinus.
638 1856 746 1930 Hanc
766 1855 907 1950 plagam
937 1869 979 1931 ut
1004 1857 1069 1932 ob·
1161 1918 1163 1923 ,

62 1961 209 2032 duceret
231 1955 443 2043 Mattheus,
477 1954 675 2031 Clementem
711 1953 929 2029 VIIrecens
944 1956 1068 2049 Pontis·
1098 1984 1105 1993 ²

66 2056 164 2132 licem
189 2070 350 2132 creatum
370 2055 582 2153 appellavit,
603 2077 710 2151 aquo
734 2054 843 2128 etiam
866 2078 961 2128 anno
975 2056 1068 2132 lllD·

14 2208 17 2213 ,
66 2154 194 2234 XXlV.
221 2156 376 2231 Litteras
407 2155 638 2252 apostolicas,
657 2153 760 2228 malis
778 2154 834 2226 his
859 2153 1067 2231 occursuras
1175 2196 1190 2211 ··

12 2342 17 2357 ι
68 2255 288 2354 impetravit,
315 2277 404 2352 quas
424 2256 585 2351 integras
613 2254 723 2329 refert
746 2253 890 2328 Marcus
920 2277 1066 2329 transr-

13 2398 18 2449 ,
67 2357 206 2431 zrnsin
219 2355 405 2454 Metropoli
417 2352 688 2456 Sarmagana
711 2381 745 2452 p.
766 2372 847 2445 389.
875 2355 1066 2431 Habentur

15 2520 18 2525 .
69 2457 169 2530 etiam
185 2457 224 2531 in
240 2477 405 2530 numan
429 2453 586 2555 Spicileg.
602 2452 851 2556 ecclefiaslicoI.
877 2451 939 2529 Th.
956 2454 1066 2555 Fortſs

17 2582 20 2611 τ
66 2578 96 2650 p.
120 2565 227 2634 1026.
262 2553 460 2631 Plurimum
484 2556 530 2630 ad
554 2578 613 2630 res
634 2555 832 2651 Religionis
857 2555 894 2629 in
922 2552 1065 2632 Germa·

18 2674 21 2679 ·
66 2656 119 2728 nio
141 2653 330 2751 erigendas
354 2655 504 2751 praesidii
531 2657 628 2731 idem
654 2655 820 2730 Pontifex
837 2655 874 2731 in
895 2655 1064 2733 Mattius

18 2714 55 2841 l..
71 2758 223 2847 ponebat.
287 2757 405 2843 Quare
437 2780 521 2830 cum
546 2755 606 2831 sub
634 2767 777 2852 tempus
804 2778 954 2855 vernum
981 2757 1063 2847 dicei

20 2844 30 2957 l¹
68 2857 142 2930 anni
174 2877 275 2948 ¹524·
302 2854 514 2931 Conventus
529 2852 815 2959 Norimdergensts
834 2855 1061 2944 immineret,

22 2964 25 2973 ·
70 2955 228 3031 excitavit
250 2978 333 3029 eum
354 2955 544 3043 Pontifex,
571 2967 612 3030 ut
633 2954 837 3030 industriam
856 2955 953 3030 suam
977 2981 1062 3034 cum
1197 3007 1200 3013 ‹

22 3118 24 3137 ,
71 3047 245 3131 Laurenno
266 3077 474 3130 cananum
489 3056 626 3150 Legato
648 3054 849 3152 Apostolico
866 3056 1062 3153 conjunge-

22 3228 25 3233 ,
69 3164 123 3229 ret.
169 3154 244 3230 Sed
268 3155 307 3228 in
327 3177 375 3229 eo
400 3156 590 3231 Conventu
611 3155 656 3229 ob
675 3156 900 3239 voluntates,
926 3157 1062 3233 Princi-

21 3256 24 3271 ‘
66 3267 140 3341 pum
161 3254 270 3328 variis
295 3254 438 3343 studim,
460 3257 553 3330 inter
579 3256 612 3329 se
638 3254 874 3352 discrepantes
901 3256 988 3329 nihil
1013 3280 1060 3332 ex

23 3432 27 3449 Ι
67 3349 119 3425 usu
132 3352 332 3428 confertum
346 3353 412 3438 est,
431 3357 493 3431 nisr
506 3358 602 3452 quod
616 3354 811 3428 observatio
822 3351 934 3427 Edilii
953 3355 1058 3432 Woe-

64 3455 219 3556 nitiensts
235 3453 403 3548 languide
427 3453 656 3531 sanciebatur.
704 3454 803 3526 ldem
822 3466 944 3527 tamen
957 3455 1059 3529 Mat·
1194 3467 1197 3474 '

18 3652 20 3657 .
64 3546 254 3630 &laureum
270 3550 475 3630 Archiduce
489 3553 722 3638 Ferdinnodo,
746 3550 1058 3651 Canepege'o‚·aliis·

605 3680 607 3684 ’
698 3688 702 3698 ·
934 3677 1005 3750 ‘lue

95 3830 214 3951 reeta.
235 3851 375 3905 mooe
396 3834 430 3901 n
453 3818 789 3921 merareaea'mgep.
808 3796 845 3903 'a
869 3831 916 3903 ιι.
939 3853 971 3921 ρ.
988 3835 1074 3924 qs„
1153 3882 1168 3905 ,.
