2484 4200
370 116 550 237 amictus
577 131 831 255 (Mattiacis)
1062 173 1111 254 η

107 330 332 431 „imperatore
359 336 461 406 ratas
476 330 493 418 3'
523 321 613 398 iliud
638 346 685 401 ex
713 323 922 401 memoratis
940 321 1116 408 Piniciaar'

109 431 239 525 „verbis
255 426 405 528 probare
428 423 662 521 contendens.
711 423 771 500 Ad
785 423 1029 502 a'ultoritutem
1044 447 1117 501 an·
1206 422 1213 516 J

111 555 225 624 „uum
267 524 302 603 se
327 523 438 599 refert
457 525 664 598 metaurus
694 525 731 599 in
765 522 878 600 Nutit.
908 524 1115 612 Procerum,

115 631 172 722 „L
193 629 228 710 I.
244 653 273 704 c.
293 654 330 722 4.
353 627 391 701 ia
417 620 628 701 Sabaotatis.
684 620 782 701 Nihil
808 626 957 711 attinet,
997 627 1035 702 in
1058 624 1118 703 his

117 727 331 825 „refellendis
359 746 505 824 operam
533 741 660 801 terere.
722 712 867 800 Nemir'ri
891 739 1054 801 veterum
1078 721 1119 801 id
1226 780 1236 793 .

67 828 75 861 ’
118 831 226 923 „venit
245 826 286 903 in
304 834 465 902 mentem
489 823 546 899 vel
563 821 733 920 suspicari.
760 824 800 900 ln
833 837 936 900 tanto
959 825 1120 923 Scripto-
1234 910 1236 915 4

120 954 210 1020 „rum
232 946 411 1016 numero,
431 925 710 1022 quidcununro
725 922 957 1023 scripserunt,
982 928 1019 1002 in
1037 941 1120 1001 tant
1199 1004 1202 1015 ,

123 1054 170 1120 „ta
194 1029 274 1107 Viri
302 1026 529 1111 claritudine,
550 1025 648 1120 .quis
674 1026 871 1116 existimet,
897 1038 960 1102 aut
989 1044 1134 1120 ‹qrtrrnen¹

83 1126 229 1223 .‘„fuille
254 1128 308 1205 rei
331 1140 407 1202 tam
433 1123 599 1199 notabilis
622 1125 793 1218 ignaros,
820 1141 883 1199 aut
909 1127 999 1201 adeo
1016 1150 1122 1202 vere·

67 1305 69 1324 ,
126 1216 293 1320 ,‚cundoi‚
328 1238 369 1301 ut
394 1223 432 1299 id
462 1247 589 1299 omnes
616 1223 752 1300 silentio
778 1223 1017 1323 premerent?
1043 1225 1122 1323 Ag·

67 1405 71 1422 ,
127 1331 234 1422 „novit
258 1326 470 1406 inanitatem
495 1325 690 1399 commenti
717 1349 901 1401 annuatis
918 1326 1007 1423 ipse,
1035 1328 1120 1423 qui,

67 1488 72 1537 Ε
127 1428 239 1528 „quod
255 1428 294 1503 in
313 1424 355 1507 V
351 1426 491 1500 alumine
502 1422 554 1498 ΙΙ.
567 1423 746 1522 scripserat
759 1481 780 1512 ,.
794 1426 831 1499 in
850 1426 890 1502 V
889 1429 1030 1501 alumine
1045 1424 1124 1507 III.

67 1593 73 1635 3,
128 1557 170 1630 „p
193 1552 280 1624 2⁰4·
304 1525 491 1622 diligenter
516 1527 737 1610 recantavit,
764 1526 957 1624 professus,
982 1525 1018 1606 se
1042 1546 1125 1607 vere

67 1687 74 1720 r.
129 1633 190 1718 „bis
219 1645 448 1706 ururcrnrur
494 1647 681 1723 perperam
711 1625 924 1713 intelleltis,
952 1628 1125 1708 uirorum

67 1721 74 1820 ἶ,
128 1728 362 1828 „quorundam
375 1723 557 1799 doctorum
571 1727 769 1824 exemplo,
785 1729 973 1823 deceptum
997 1728 1125 1809 effe...

67 1830 73 1921 '.
127 1831 218 1918 „Non
255 1826 354 1902 enim
383 1826 582 1900 nominavit
617 1825 807 1903 Mattheus
843 1828 1125 1922 Maximilianam

67 1960 73 2019 ¹.
127 1946 274 2028 „patrem
294 1923 516 2013 naturalem,
542 1924 601 2001 sed
623 1927 818 2020 moralem;
844 1926 973 2003 scilicet
996 1931 1041 2004 ob
1063 1929 1127 2006 be·

67 2025 72 2118 ζ
126 2031 264 2118 „nelicia
284 2029 320 2102 in
334 2025 368 2101 se
380 2024 520 2103 collata.
545 2023 644 2101 Idem
659 2049 842 2101 annitaris
859 2025 1127 2127 dirumpens.

67 2160 71 2230 p
126 2131 200 2221 „tin
213 2126 301 2205 serie
318 2125 548 2222 genealogica
566 2124 895 2221 Grasclriueatiaram
918 2125 1001 2226 (g),
1031 2125 1129 2202 Lan·

67 2319 70 2336 ‚
126 2235 298 2330 ,‚giorrrm,
322 2225 578 2327 Ilsaagiorum)
607 2225 810 2301 Martiarum
828 2226 969 2304 Ioannis
992 2226 1129 2326 Langi,
1195 2255 1200 2280 1

67 2399 69 2415 ,
125 2333 181 2425 '„dc
207 2328 417 2424 Margarita
442 2323 630 2403 Salzrriaar
644 2327 757 2402 filium
788 2327 881 2405 inter
895 2352 898 2363 ¹
913 2326 990 2402 οᾶο
1017 2327 1130 2403 virilis

125 2431 254 2528 „stirpis
279 2428 321 2504 &¹
346 2427 505 2523 quinque
536 2426 718 2503 muliebris
750 2428 852 2524 ponit
881 2428 961 2502 loco
988 2443 1132 2526 quarto,

71 2506 79 2621 l
125 2529 252 2618 „illiud
284 2541 537 2619 argumentum
559 2525 676 2621 ¹sumit
702 2551 723 2602 e
749 2527 876 2602 litteris
910 2527 1133 2608 haereditatis

125 2627 382 2718 „erciicundae,
412 2627 473 2702 ubi
497 2625 692 2701 Mattiacas
715 2625 862 2702 uocatur
885 2628 965 2702 loco
1017 2631 1132 2720 timo,

124 2735 355 2829 „utiquenon
376 2727 643 2828 admittendus,
664 2725 725 2801 nisi
740 2727 930 2824 legitimus,
981 2653 1135 2808 decedit
1170 2807 1182 2817 ,,
1218 2712 1223 2725 ’

67 2912 71 2937 Ι
124 2829 375 2932 ,Epitaphium
399 2825 501 2924 supra
529 2828 745 2916 recitatum,
772 2829 867 2925 quod
883 2827 1072 2904 Mattheus
1096 2834 1136 2919 ip

67 2940 74 3063 p
124 2932 271 3025 „sacello
310 2947 548 3002 teucrorum
584 2926 746 3028 Angusta
774 2930 984 3027 parentibus
1009 2929 1137 3027 posuit.

67 3068 70 3119 1
122 3032 219 3129 „Sed
244 3028 331 3127 quid
353 3023 508 3104 multis?
534 3026 804 3106 Maximilr'aaar
814 3027 930 3106 Caesar
951 3044 1059 3105 natus
1073 3058 1137 3107 an·

67 3186 69 3231 :
123 3160 193 3222 „no
224 3147 328 3227 1459.
357 3153 430 3203 non
458 3125 519 3202 nisi
546 3128 719 3203 decennio
734 3129 852 3204 aeratis
866 3129 1025 3206 anteibat
1039 3152 1138 3207 cnu-

67 3296 69 3321 ,
124 3255 286 3324 „cruam
324 3230 454 3326 quippe
491 3227 627 3303 editum
663 3230 803 3303 circiter
842 3251 977 3303 annum
1008 3240 1139 3325 κόψ’.

67 3334 70 3379 ²
125 3334 326 3426 Hucusque
353 3346 601 3413 uatisrztus',
622 3329 720 3415 -cui,
772 3338 881 3406 aetate
910 3331 1007 3427 prior
1037 3327 1139 3409 Corb,
1213 3331 1218 3348 '

67 3438 70 3503 l
121 3433 354 3527 naimarus
379 3427 434 3526 (h)
458 3451 522 3528 per
547 3431 668 3504 omnia
690 3428 877 3513 consentit.

67 3518 71 3577 ¹
1015 3528 1089 3607 Na·

67 3620 72 3783 l
169 3675 225 3761 (g)
246 3626 441 3739 nmnmmruc
479 3642 512 3739 in
543 3675 703 3749 Hirrarcir.
735 3638 1143 3764 Augass.1²,11.p.278.

132 3764 241 3846 ponit:
268 3760 514 3825 Schreactiarum.

67 3788 73 3979 k
172 3845 221 3926 ih)
244 3844 334 3912 Loco
357 3861 438 3908 mox
459 3844 567 3909 citato.
633 3895 636 3900 ,
