2484 4200
62 180 164 267 oo]
246 129 249 140 Ι
362 162 538 257 :avarus
565 153 850 280 (Mittantur
887 152 892 157 ’

92 344 295 448 Ητῄοαηὶανη
319 349 473 438 redivit,
501 346 640 430 saedus,
666 344 841 423 Satricum
873 338 1004 425 aldum
1021 342 1107 433 ,iri

93 452 208 523 annos
232 447 397 522 undecim
418 472 500 523 cum
514 448 758 544 Principibus,
785 446 1023 524 Nobilibus&
1039 447 1102 522 Ci-

92 547 260 623 vitatibus
274 545 542 645 Imperialibus‚
568 546 628 643 qui
656 549 693 622 in
711 546 797 621 illud
814 546 1019 634 coiverant,
1042 569 1101 620 re·

14 708 19 749 s·
91 648 264 736 novavit3
286 647 382 722 unde
399 648 433 722 ei
455 673 529 723 non
547 647 598 722 ita
616 647 731 723 multo
749 646 824 744 post
847 646 999 721 multum
1028 647 1113 722 uti·-

90 748 202 824 litatis
228 745 377 827 acceffit.
643 750 645 756 '
811 776 813 780 ’

27 906 30 913 .
95 860 102 871 ·
179 845 317 921 Perea
352 860 515 944 tempora
556 846 677 944 magni
710 843 941 922 Germaniam
975 856 1101 918 motus

49 966 66 1049 s
91 945 304 1031 turbabant,
328 943 471 1022 Lutlnri
488 945 652 1045 lcriptiS,
679 949 855 1041 novisque
869 944 1104 1038 dogmatibus

90 1033 248 1137 ebreitati.
302 1043 427 1120 Clarus
442 1046 606 1123 vilescere
631 1047 781 1145 populo,
805 1044 958 1141 potestas
982 1044 1103 1118 eccle

91 1144 223 1220 frastica
249 1145 341 1221 inira
355 1146 495 1222 civilem
513 1146 685 1244 deprimi,
712 1142 852 1238 Religio
866 1145 962 1218 avita
974 1143 1100 1219 minua

90 1243 210 1341 sapere
230 1260 425 1346 coeperant.
475 1248 529 1323 Ea
550 1249 708 1323 novitate
728 1243 837 1331 exciti
860 1239 1099 1342 Salisburgen·

84 1342 143 1444 ses
162 1345 276 1430 cives,
301 1348 536 1441 tempusrati
557 1345 734 1422 advemlle
747 1344 965 1420 Clericorum
982 1344 1096 1441 impe·

84 1446 184 1519 rium
210 1447 436 1532 excutiendi,
469 1448 632 1523 mordere
647 1444 794 1521 lraena:
820 1444 923 1521 &ad
947 1441 1097 1533 saxum,

90 1544 130 1620 in
156 1569 227 1640 quo
252 1545 325 1643 jam
353 1569 467 1644 nuper
499 1547 559 1622 sub
590 1544 768 1621 Leonnrdo
795 1539 1096 1640 Archiepiscopo,

90 1644 268 1727 decellore
291 1645 428 1729 Nostri,
456 1647 583 1742 pedem
609 1645 857 1733 offenderant,
880 1641 1012 1717 referre
1032 1643 1095 1716 de⁴

90 1743 282 1819 nuo'annb
306 1744 511 1823 lVlDXXlll.
538 1745 734 1821 tentavere.
787 1745 856 1818 Rei
873 1757 1013 1819 mature
1032 1742 1094 1816 ad-

42 1910 47 1919 s
91 1844 251 1920 monitus
274 1843 493 1931 Cardinalis,
527 1846 564 1923 dr
584 1846 677 1920 clam
712 1845 750 1920 in
780 1839 928 1942 Tyrolim
954 1842 1097 1941 prolec-

90 1957 174 2034 tus‚
199 1945 318 2019 condo
343 1946 504 2021 celeriter
530 1947 711 2030 exercitu,
747 1946 804 2020 cui
827 1942 1039 2018 Leonardam
1053 1942 1093 2015 de

88 2067 214 2118 voees
238 2046 477 2142 praefecerat,
499 2047 608 2122 castra
627 2047 673 2121 ad
696 2043 902 2142 Gredingnm
916 2059 1091 2130 metatur,
1127 2095 1129 2098 -

91 2144 252 2231 civibus,
287 2146 373 2241 quid
396 2161 601 2244 pararetur,
628 2145 868 2229 denuncian5‚
894 2143 1091 2219 ostentans·

90 2267 162 2339 que
180 2245 217 2318 in
237 2266 318 2318 arce
345 2247 560 2345 catapultae,
587 2245 716 2342 quibus
738 2244 908 2319 librandis
934 2242 1091 2317 sacerdo·

80 2354 164 2418 ‘tem
186 2326 414 2430 thlelmnm,
433 2347 478 2420 ob
494 2347 546 2420 rei
559 2345 824 2442 pyrotechnicae
841 2344 1004 2439 peritiam
1019 2341 1090 2416 val·

87 2446 137 2517 de
157 2443 440 2529 formidandum,
462 2444 605 2541 praeeffe
625 2443 776 2542 jullerat.
828 2443 1005 2541 Oppidani
1019 2462 1089 2516 non

88 2543 152 2617 diu
177 2543 329 2618 cundati
353 2544 641 2636 adclamentiam
662 2542 924 2645 Archiepiscopi
944 2539 1014 2616 lese
1034 2565 1089 2616 re·

84 2641 270 2728 ferentes,
303 2644 457 2739 Legatos
482 2644 653 2743 supplices
683 2646 717 2720 ei
742 2645 883 2721 obviam
911 2641 1087 2716 miserunt.

84 2740 215 2838 'ltaque
234 2742 385 2831 Praesn,
412 2744 604 2821 comitante
628 2768 793 2820 voursro
818 2757 855 2817 et
870 2743 1007 2819 duabus
1023 2741 1089 2816 ml·

42 2911 45 2916 ,
87 2841 193 2917 litum
217 2845 366 2930 turmis,
389 2843 622 2942 universoque
633 2845 858 2919 familiarium
882 2859 918 2916 et
932 2841 1088 2916 consilia-

87 2945 223 3017 riorum
252 2946 400 3030 ordine,
435 2947 616 3020 civitatem
642 2945 765 3020 habitu
789 2942 956 3031 militari,
996 2964 1088 3038 equo

87 3039 297 3122 sublimis&
313 3043 557 3145 cataphraitus
574 3044 679 3132 subit,
694 3056 808 3119 'manu
818 3043 1010 3141 scipionem
1022 3043 1088 3115 im·

88 3141 306 3239 peratorium
332 3144 490 3240 gestans:
527 3145 652 3220 volens
681 3145 749 3220 hoc
771 3142 879 3220 modo
915 3141 1088 3239 Principis

87 3239 240 3335 speciem
252 3241 405 3340 objicere
431 3245 590 3331 civibus,
617 3258 658 3321 ut
684 3245 863 3320 Clericum
882 3256 1089 3318 contemne·

81 3361 129 3425 ¹re
138 3338 368 3439 dediscerent
418 3344 479 3420 Sic
493 3344 717 3421 renatorum
731 3347 851 3444 petiit,
876 3343 937 3420 ubl
952 3343 1087 3420 Senatu

87 3439 296 3538 Populoque
325 3442 362 3517 in
388 3467 505 3539 genua
532 3445 714 3534 submillo,
738 3466 845 3520 noxae
872 3446 1014 3518 veniam
1032 3457 1088 3516 ro·

79 3555 198 3633 gante
223 3560 260 3616 et
282 3568 377 3618 novo
398 3543 628 3642 iurejurando
643 3545 748 3620 fidem
768 3544 1023 3639 obstringente,
1047 3540 1088 3615 fi·

86 3641 283 3728 aistano,
310 3645 405 3741 quod
437 3646 541 3740 vulgo
563 3644 726 3720 Latinam
749 3645 995 3744 appellabant,
1021 3643 1112 3717 im·-

84 3736 290 3839 politus'est.
342 3743 529 3821 Matrinus
541 3746 625 3820 inde
639 3744 677 3820 in
691 3767 811 3821 arcem
826 3744 1003 3827 ascendit,
1029 3739 1085 3819 ubi

537 3885 541 3894 ·
607 3863 609 3866 ⁴
915 3840 1076 3920 etiam-⁴
