2484 4200
46 285 50 308 ,
185 204 236 292 38
459 157 638 299 sanstus
665 142 921 291 (Martiam)
1046 128 1050 147 ἢ

181 356 249 462 isar
273 347 508 438 IL-Pootiser'r
527 360 664 435 litteras
676 380 764 434 auro
779 357 925 454 scriptas
944 351 991 436 ad
1003 351 1110 452 supra
1122 366 1203 450 mei

167 471 364 538 ¹moratum
386 457 942 535 Bernardiaam-canvaoraaara
965 456 1201 532 cardinalem

181 556 220 639 S.
247 558 388 646 Crucis,
413 560 542 655 quibus
556 558 855 656 appellationem,
881 555 1113 631 Romanorum
1128 555 1201 649 Im·

94 741 105 769 χ
177 660 373 760 peroraris,
395 655 641 734 sisraxirnisiaao
660 647 939 756 impertiebatur
961 654 1206 744 abconsis,

180 773 224 835 ut
250 759 517 856 expeditionem
535 757 690 833 Italicam
701 758 915 856 impediret,
941 776 1053 851 quum
1075 753 1118 830 V
1114 755 1203 829 carri

43 899 52 914 ·
181 856 329 934 ob'esiis
354 859 465 933 etiarn
488 858 598 935 armis
621 879 744 931 arcere
765 857 885 930 conati
899 856 1054 931 fuerant
1105 855 1202 930 Haec

25 1011 28 1021 -
56 977 62 984 ’
179 881 378 1054 bebrorrgo
392 1012 403 1044 ‚
419 960 492 1054 qub
508 957 675 1033 cohortes
689 958 857 1052 quaedam
872 954 1060 1039 caesareae,
1074 954 1201 1050 adpa÷
1219 998 1229 1034 s

180 1058 422 1135 tesaciendam
444 1059 540 1134 viam
564 1056 772 1155 praemissae,
797 1057 835 1131 iri
855 1056 991 1130 'sinibus
1022 1050 1204 1156 Tiroserrffi

176 1154 244 1231 bar
268 1158 306 1233 in
330 1157 454 1252 fugam
480 1156 580 1234 usiae.
629 1157 684 1241 Ea
714 1155 815 1232 clade
841 1171 879 1232 et
900 1153 1088 1231 insolentia
1114 1177 1202 1229 exa·

183 1257 350 1345 cerbatus
364 1256 484 1335 Caesar
497 1257 669 1334 ultionem
690 1268 817 1354 parat,
838 1255 1092 1345 naamanin
1114 1253 1202 1331 Gas-

119 1397 121 1401 ·
181 1357 250 1432 isar
271 1357 442 1448 mittens,
471 1370 512 1433 ut
537 1357 654 1434 faedus
679 1381 763 1432 cum
790 1355 966 1431 Ladoaico
992 1343 1096 1437 XII„
1113 1377 1201 1455 pan·

181 1466 305 1553 geret,
332 1458 392 1532 cui
411 1457 537 1567 postea,
548 1470 585 1532 et
599 1457 711 1533 Iasius
735 1455 788 1532 II.
802 1457 900 1554 Papa
911 1453 1074 1548 access1t;
1098 1476 1203 1549 namf

183 1579 256 1653 que
282 1555 435 1643 ambos,
458 1558 665 1636 uonminus
692 1580 736 1632 ac
761 1556 970 1641 Caesarem,
992 1554 1199 1630 Venetorum

45 1728 50 1737 ,
182 1654 326 1752 injuriae
346 1656 539 1743 irritsraut.
595 1658 715 1757 Noster
735 1657 882 1753 triginta
907 1657 1073 1752 equitum
1087 1655 1200 1730 corni·

182 1762 263 1831 tatu
290 1755 439 1853 stipatus
467 1756 603 1854 appulit
628 1757 669 1835 V
665 1758 850 1843 ascaccar‘r,
875 1757 937 1832 ubi
964 1751 1050 1831 eum
1072 1755 1200 1849 Legati

182 1854 296 1951 Regis
328 1857 606 1953 operiebantur:
644 1857 821 1955 aquibus
846 1855 1006 1956 Parifior,
1025 1853 1199 1935 dedusius

92 2024 96 2033 ,
184 1979 268 2031 cum
293 1957 395 2050 Rege
411 1957 456 2031 de
468 1957 603 2032 saedere
616 1973 742 2034 contra
760 1957 801 2034 V
798 1970 907 2032 enetos
918 1955 1081 2039 contulit.
1117 1955 1201 2030 Hor

79 2134 84 2143 ,
182 2066 370 2153 acceptato
384 2059 590 2161 bombast,
617 2071 662 2131 ut
690 2057 735 2133 de
762 2057 1026 2136 conditionibus
1053 2055 1198 2130 faederis

161 2153 363 2233 Dumnaci
388 2155 551 2234 disertibs
572 2155 794 2237 trasiaretnr.
855 2157 1071 2230 taraiasa
1096 2157 1197 2251 Rege

183 2255 431 2338 convivalibus
458 2257 700 2332 instrumentis
730 2254 845 2353 pretio
871 2255 967 2329 mille
998 2257 1199 2352 quingeno-

182 2377 265 2431 rum
292 2357 554 2433 Coronatorum
580 2356 745 2431 donatus.
792 2356 881 2430 Eius
910 2354 1005 2430 aulae
1031 2355 1196 2451 Magister

183 2452 224 2529 rie
238 2453 530 2550 ,Scancnaaein
556 2456 687 2551 aliique
710 2455 893 2533 baltheum
910 2454 1106 2537 militarem
1119 2478 1196 2530 mu·

181 2555 261 2628 neri
273 2567 498 2650 acceperunt.
552 2555 604 2629 lta
629 2554 752 2630 dimissi
777 2553 1110 2645 Camaracumsunt,
1127 2557 1195 2651 quo

156 2735 160 2747 ,
183 2655 293 2727 etiarn
320 2655 466 2730 advenit
479 2653 683 2752 Margarita
699 2655 771 2730 iilia
788 2653 962 2738 Caesaris,
989 2653 1108 2752 Belgis
1124 2657 1194 2729 Gu-

182 2753 375 2831 bernatrix.
427 2753 587 2830 Primum
613 2754 729 2830 faedus
755 2756 849 2829 inter
874 2752 1055 2840 Caesarem
1074 2768 1113 2829 et
1126 2755 1196 2829 Re·

181 2876 266 2946 gem
293 2851 383 2933 solos
406 2853 607 2944 conclusum
623 2855 673 2930 est
702 2853 824 2929 mense
844 2853 977 2952 Junio:
995 2853 1146 2928 demum
1160 2863 1192 2927 et

180 2952 281 3048 Papa
310 2951 420 3028 Iasius
439 2952 464 3053 ,(
477 2966 518 3029 ut
536 2952 639 3049 supra
664 2957 787 3030 monui
803 2954 822 3051 )
841 2954 887 3027 ad
905 2954 1001 3028 idem
1023 2975 1192 3049 aggrega·

182 3065 254 3128 tus.
311 3052 442 3129 F-aedus
469 3053 671 3129 universum
698 3055 756 3129 die
788 3079 832 3129 ro
864 3052 1077 3129 Decembris
1100 3052 1193 3130 abs·

179 3151 298 3229 lutum
323 3152 361 3230 bt
388 3152 549 3251 suprema
570 3155 609 3228 in
633 3155 714 3230 aede
738 3153 994 3256 publicatum„

254 3255 379 3349 ltaque
402 3277 498 3329 anno
520 3253 678 3350 sequenti
701 3254 839 3329 Marx.
853 3255 944 3328 itum
970 3253 1008 3327 in
1030 3250 1074 3327 V
1068 3259 1193 3343 cadom

151 3348 162 3445 J
179 3353 241 3430 ubi
260 3375 411 3427 annoto
426 3354 579 3429 multum
597 3355 822 3449 negotiorum
850 3353 917 3430 suit
942 3353 980 3427 in
1001 3354 1192 3449 expedien-

53 3470 58 3532 ζ
180 3456 236 3529 dis
259 3455 465 3551 Principum
491 3456 600 3541 Germ
628 3456 697 3528 niae
723 3452 904 3541 subsidiis,
924 3451 1035 3550 inque
1056 3449 1190 3527 rebelli

181 3554 481 3647 administranda3
506 3576 590 3628 nam
604 3478 709 3628 bem
735 3552 896 3628 universa
922 3551 1004 3626 haec
1033 3553 1191 3630 curabat.

164 3653 328 3740 -Venetr‘,
345 3654 408 3728 etsr
435 3666 547 3731 tantae
576 3655 747 3754 potentiae
779 3653 890 3729 essent
923 3653 1109 3751 impares,
1147 3648 1189 3733 ad

184 3751 414 3839 Gsiarrodam
444 3767 567 3834 tameo
604 3778 687 3835 aum
725 3751 835 3836 Gallis
862 3744 1189 3933 congressifflmagoi

952 3898 956 3907 ·
1077 3875 1147 3951 ago
