2484 4200
138 225 141 229 ,
277 100 484 271 s'raucrus
508 136 529 245 (
540 136 762 242 Mardum)
1002 110 1064 242 53]

34 330 159 407 tutan
184 312 384 416 reperisset,
410 327 533 388 tamen
558 335 626 388 nec
639 306 892 407 suorum,nec
905 332 1053 407 eorum,

41 446 137 526 quos
160 422 198 498 in
222 416 302 509 aula
324 414 533 500 invenerat,
548 412 672 489 ,ullum
698 411 847 498 dimisit,
875 431 938 486 aut
965 416 1050 488 abe·

42 529 122 625 gitr
146 521 262 597 donec
286 527 350 590 aut
375 512 629 598 dimissionem,
656 514 744 587 alias
768 511 861 587 nasti
876 513 1052 588 conditio·

43 625 134 709 nes,
160 619 223 720 ipsi
249 627 438 715 peterent:
461 628 525 687 aut
553 612 740 687 moriendo
765 612 884 688 locum
897 636 1054 689 vacuum

42 722 216 804 fecissent.
268 721 321 792 lta
348 715 519 810 Princeps
534 712 816 810 prudentissimus
832 711 999 812 adjunxit
1012 712 1056 788 sr-

44 829 82 905 bi
106 826 256 905 omnes,
283 813 433 890 offendit
455 815 647 888 neminem.
698 814 861 889 Retinuit
877 830 1001 887 autem
1016 835 1057 888 a·

46 920 246 1024 liquamdiu
271 916 403 998 etiam,
430 912 620 1010 postquam
639 913 746 988 altius
769 913 916 989 evenus
930 914 979 989 est
993 968 1002 1000 ,
1018 937 1057 988 e·

48 1023 270 1128 piscopatum
296 1011 506 1109 Garcensem.
530 1043 532 1048 ’
556 1010 775 1091 Addendum
794 1015 899 1112 plane
916 1015 986 1090 hdc
1004 1016 1060 1089 lo-

52 1128 121 1214 οό,
146 1118 245 1218 quod
257 1115 349 1191 nulli
363 1114 421 1188 vel
432 1108 752 1213 Solisburgenstuor,
780 1117 838 1190 vel
851 1130 1060 1193 exterorum

52 1225 279 1320 Scriptorum
307 1214 451 1313 (unum
473 1212 499 1287 sr
529 1213 652 1288 demas
673 1213 786 1290 carot.
807 1239 1062 1291 mercantur*

52 1345 187 1407 curum
213 1320 251 1393 in
278 1314 431 1416 Historia
445 1311 668 1412 Episcopatus
682 1313 917 1417 Frifiogrnfir,
949 1313 986 1390 T.
1006 1311 1062 1392 II.
1113 1357 1115 1362 ·

39 1417 86 1528 p.
107 1418 225 1520 296.)
252 1414 474 1491 observatum
489 1412 580 1488 suit:
608 1414 777 1491 nimirum
794 1415 954 1515 Nostrum
974 1414 1065 1490 alte
1192 1469 1195 1479 ,

55 1548 95 1602 ra
121 1521 197 1621 post
222 1516 403 1592 solennem
429 1514 468 1588 in
487 1513 611 1588 urbem
627 1511 909 1614 Solirborge'usrm
930 1511 1066 1610 ingres·

57 1625 133 1703 sum
160 1621 249 1707 die,·
266 1638 349 1731 quae
374 1617 412 1691 in
441 1612 655 1717 Dominirom
685 1615 832 1702 incidit,
859 1616 897 1691 in
920 1613 1066 1693 Archia·

57 1712 1069 1926 llll?hfllhrrlhh,,lrrhlhlhrr

61 1929 95 2003 m'
109 1979 128 2012 ,.
146 1918 359 2019 Episcopum
386 1913 646 2017 &fingendam
681 1918 811 2012 quibus
834 1918 953 2013 Noster
967 1918 1071 1991 Prin·

58 2029 178 2125 alpem
191 2017 478 2103 huncexoravit,
503 2013 617 2090 utfibi
630 2012 962 2114 archiepiscopalem
982 2014 1073 2091 Cou-

57 2123 278 2229 sec'rorionem
293 2115 455 2204 conferre
472 2115 601 2201 vellet,
628 2129 753 2213 utpote
766 2118 850 2213 qui,
875 2118 968 2190 inter
984 2115 1073 2190 alios

64 2229 204 2328 primus
218 2219 363 2313 ,setiam
390 2213 495 2290 Pallii
519 2213 823 2314 archiepiscopalis
847 2216 970 2318 Nostro
988 2239 1075 2290 cou-

22 2324 25 2334 ’
59 2322 206 2405 serendi
229 2319 450 2418 provinciam
464 2317 485 2391 b
499 2315 601 2392 Runa
612 2343 654 2391 uu
677 2317 785 2394 Curia
803 2316 989 2415 accepisset
1003 2315 1078 2394 &ce

84 2486 93 2492 .
139 2425 183 2500 ln
209 2415 493 2516 archiepiscopali
518 2415 602 2491 solio
621 2416 774 2514 positus,
799 2432 840 2494 ut
855 2431 985 2506 antea,
1011 2414 1078 2493 Vi·

66 2548 149 2603 rum
167 2521 349 2621 'insignem
370 2516 404 2591 se
429 2516 581 2614 praebuit
606 2519 744 2594 duabus
767 2520 930 2595 maxime
945 2518 1079 2601 rebuS,

67 2622 280 2703 liberalitate
299 2619 336 2695 dr
354 2617 589 2692 defendendae
615 2619 834 2713 Religionis,
861 2642 943 2716 quae
961 2642 1024 2715 per
1037 2616 1081 2690 il·

70 2727 105 2802 la
119 2738 285 2818 tempora
298 2717 452 2793 multum
466 2717 748 2814 periclitabatur,
773 2719 907 2804 studio,
923 2719 968 2794 ob
983 2715 1081 2814 quod

71 2827 94 2902 d
122 2818 364 2919 scriptoribus
392 2817 599 2892 acatholicis
627 2817 747 2914 passim
772 2820 865 2894 male
894 2818 1020 2894 audit:
1041 2827 1082 2892 ut

61 2925 125 3002 ‚nil
141 2923 281 3005 dicam,
308 2916 497 2993 b‘Lmhrro
523 2919 633 2992 etiarn
646 2918 792 3021 Monstri
810 2919 1081 3016 (Ungabeuer)
1165 2938 1192 2953 Χ

73 3020 336 3120 Solirborgenps
360 3018 466 3093 tituld
493 3018 621 3103 nimis,
650 3042 722 3094 me
747 3016 888 3095 hercle!
915 3019 1091 3096 indecore

63 3116 386 3205 ornatumsuisse.
412 3142 430 3211 j
445 3118 684 3193 Liberalitatis
708 3142 938 3195 communem
961 3114 1086 3193 hansi-

63 3227 167 3304 tiens
191 3220 340 3299 modum
364 3215 542 3315 hospites,
579 3218 604 3291 sr
631 3220 693 3317 qui
714 3221 905 3307 nobiliores
930 3219 1087 3292 advene·
1179 3296 1184 3303 ,
1216 3222 1228 3307 5

65 3338 183 3408 rant,
209 3317 475 3417 splendidissime
496 3320 658 3415 excepit,
685 3344 798 3418 eaque
816 3343 855 3394 re
875 3317 1031 3394 multum
1045 3338 1087 3388 o·

76 3448 166 3524 pum
193 3417 363 3503 exhausit
411 3420 468 3494 De
490 3418 601 3493 studio
627 3419 864 3496 defendendae
887 3415 1087 3513 Religionis

78 3541 159 3600 tum
185 3520 317 3597 diuum
337 3517 409 3605 est,
435 3531 514 3593 tum
538 3518 784 3611 posteaetiam
808 3521 955 3594 dicetur.
1005 3515 1088 3595 Hoc

79 3625 160 3702 loco
187 3620 278 3702 istud
297 3616 468 3706 monuisse
487 3616 650 3692 sufficiat:
674 3620 854 3721 Nostrum,
878 3618 938 3694 ubi
955 3613 1089 3690 adcla·

80 3747 167 3802 vum
192 3716 601 3895 Archiepiscopatsrstui
621 3715 740 3798 sedere
768 3715 1089 3820 coepit,ets1pub·

582 3837 608 3915 4
965 3817 1050 3894 licis
1120 3882 1125 3889 ,
1169 3864 1174 3883 2
