2484 4200
347 180 804 303 landrardllsattlms'ss)
1041 226 1091 307 η

93 371 182 452 saulo
194 370 327 459 serius,
351 373 480 455 scilicet
496 397 592 448 anno
607 397 707 467 1514.
722 385 784 445 aut
798 370 872 469 post
886 373 996 461 posta
1008 372 1091 451 suis·
1167 426 1170 435 -

93 477 121 550 'e.
180 473 353 549 Ceterum
381 494 556 547 raucius
582 471 738 572 Augusta
762 471 933 567 digressus
958 477 1090 551 bellum

93 589 201 650 :ontra
231 570 275 648 V
269 587 378 648 enetos
398 572 564 658 curabat,
590 575 651 667 qui
676 570 797 646 mense
821 571 963 647 Ostobri
984 576 1089 650 huius

93 677 159 751 iani
193 699 206 747 i
214 696 257 766 5¹
266 697 297 770 3.
322 696 432 770 prope
456 670 647 746 Vs'csats‘am
672 671 809 745 funesta
838 673 938 746 clade
966 671 1089 751 succu÷

93 776 241 850 suerunt.
291 772 380 848 lnde
406 772 535 847 animis
547 774 716 864 utrinque
734 773 780 845 ad
798 794 926 870 pacem
941 773 1095 849 inclina·

93 866 286 948 iaarbiter
311 872 422 947 lessus
449 870 619 946 Pontifex
648 869 741 957 Leo,
782 873 827 945 ad
852 897 961 969 quem
988 873 1087 949 sene·

93 972 191 1048 'cente
207 970 290 1071 jam
309 994 503 1046 annocum
522 971 665 1045 Comite
690 972 827 1068 Homero
850 974 890 1047 de
914 973 1091 1073 Mansseld

93 1071 251 1150 ltNi'col.
280 1071 435 1170 Ziegleso
453 1071 734 1146 Procancellario
762 1071 881 1148 missus
909 1074 958 1149 est
990 1097 1088 1149 anii-
1135 1090 1137 1095 '

93 1180 192 1259 ¹aius,
226 1187 307 1249 tum
336 1169 478 1269 capiis
500 1172 536 1247 di
556 1169 768 1273 Areliiducis
797 1172 915 1248 Caroli
942 1177 1087 1259 nomine

93 1271 209 1369 sapam
236 1273 479 1357 severitanus,
506 1287 585 1345 tum
612 1273 709 1368 pacis
740 1272 780 1347 V
777 1284 876 1346 enata
902 1277 1089 1368 negotium

93 1370 298 1448 indiuisus.
362 1371 415 1446 llli
444 1371 490 1446 ad
516 1373 642 1447 urbem
667 1373 965 1468 appropinquanti
989 1373 1086 1460 Leo,

93 1471 253 1549 iiscedere
268 1468 378 1547 Roma
402 1470 577 1570 paulisper
595 1473 705 1546 animi
726 1470 841 1547 caussa
861 1473 1005 1559 volens,
1028 1474 1088 1548 lit·

93 1578 170 1646 letas
194 1571 312 1658 misit,
339 1568 436 1646 Pessi
463 1593 592 1645 uanior
613 1572 700 1668 stylo
713 1571 884 1669 scriptae,
905 1575 942 1646 in
959 1575 1089 1669 quibos

93 1664 121 1743 le·
138 1684 344 1748 curaturum
377 1670 555 1775 promisit,
589 1686 630 1746 ut
655 1671 844 1746 Mnasias-s
869 1672 981 1770 ipsum
1009 1672 1087 1771 jani

93 1766 217 1846 Romam
229 1770 410 1846 reversum
426 1769 624 1845 offenderet
637 1772 696 1870 (i).
747 1771 948 1848 Transmilit
966 1776 1086 1850 eidem

93 1870 183 1977 stiam
201 1872 364 1968 galerum
389 1871 651 1946 cardinalitium
678 1869 1006 1969 adPoagi'boazium
1021 1897 1087 1970 op·

93 1969 198 2064 pidum
216 1994 355 2067 usque,
384 1994 496 2067 quem·
520 1985 643 2045 tamen
675 1969 795 2068 Noster
808 1972 970 2067 accipere
983 1994 1086 2069 recu·

93 2067 192 2158 labat,
212 2073 369 2157 dicenS,
397 2070 479 2145 eum
507 2068 582 2168 jam
607 2070 629 2143 d
651 2068 739 2144 Iulio
762 2068 815 2144 II.
831 2070 1087 2147 milsumacce·

93 2170 167 2261 pisse.
221 2173 398 2260 Quoniam
420 2175 505 2245 vero
524 2169 658 2244 solenni
682 2171 755 2244 ritu
780 2171 885 2266 capiti
910 2169 988 2267 ejus
1010 2197 1085 2248 non
1125 2203 1127 2209 ·

93 2265 189 2364 luerat
201 2270 409 2368 impositus,
426 2284 630 2367 opponente
644 2269 679 2343 se
697 2267 974 2354 Carimom'asam
999 2269 1086 2346 Ma·
1175 2337 1179 2347 .

93 2370 195 2467 gipso,
221 2370 408 2445 decretum
430 2369 519 2454 suit,
545 2384 587 2445 ut
611 2391 732 2448 coram
752 2370 944 2445 duodecim
961 2372 1087 2447 Cardi-

93 2470 213 2546 ialibus
228 2470 345 2546 nolle
367 2469 605 2545 antecedente
634 2469 855 2566 impositione
885 2472 996 2566 galeri
1030 2471 1085 2548 so-

93 2562 226 2646 leonites
235 2573 517 2667 inauguraretur.
549 2578 551 2582 ’
570 2571 705 2644 Datum
716 2571 848 2651 ‚deinde
861 2573 894 2646 ei
907 2573 929 2646 al
944 2569 1054 2648 Leone
1069 2620 1084 2660 ‚-

93 2679 120 2740 it
143 2670 297 2747 Ecclesia
323 2669 361 2746 S.
389 2669 517 2769 Angels'
542 2671 577 2743 in
595 2673 680 2766 soro
703 2669 862 2770 piscium,
888 2694 971 2768 quae
996 2674 1090 2748 alias
1150 2679 1158 2685 ’
1206 2748 1208 2753 .

93 2763 311 2847 cardinalium
327 2769 558 2844 Diaconoram
574 2770 649 2858 est,
675 2771 794 2865 quoad
819 2769 889 2867 ipse
914 2770 1088 2869 superstes

93 2867 173 2958 eset,
190 2873 286 2946 inter
298 2866 541 2970 presbyterales
553 2870 765 2948 liabereturz
789 2872 895 2967 aquo
906 2872 979 2968 ipso
991 2873 1087 2948 Pon·

93 2965 167 3055 lilice
194 2971 314 3068 postea
350 2971 398 3045 ad
425 2969 617 3045 Ecclesiam
653 2994 736 3044 eum
761 2969 800 3045 S.
835 2972 963 3046 sisariae
987 2985 1085 3046 trans

93 3058 231 3162 Tyberim
256 3068 491 3155 translatum,
530 3070 568 3146 dr
602 3068 840 3144 cardinalibus
873 3067 1083 3167 Presbyteri}

93 3165 274 3245 lsociatum
299 3169 397 3244 fuisse
421 3170 570 3268 reperio.
622 3171 723 3244 Licet
739 3173 861 3245 autem
878 3171 1082 3264 negotium.

93 3262 122 3338 sb
145 3271 242 3367 quod
267 3268 409 3344 Romam
434 3271 571 3344 adierat
598 3293 792 3355 inunum,
821 3294 895 3342 non
916 3268 1082 3342 succede-

93 3370 146 3475 fet,
167 3382 319 3466 utraque
345 3371 640 3445 contendentium
666 3386 766 3465 parte
794 3368 918 3442 Leonis
940 3368 1083 3442 senten-

93 3480 156 3572 lam
182 3484 370 3566 acceptare
397 3483 599 3560 renuente;
638 3483 761 3542 tamen
789 3469 819 3542 is
847 3490 911 3564 per
941 3481 1084 3564 partem

93 3568 249 3663 sequentis
273 3570 359 3654 anni
385 3593 489 3658 15¹4·
506 3569 653 3644 intlrbe
679 3567 825 3642 substitit
838 3592 848 3660 ;
875 3569 968 3641 intra
985 3565 1081 3662 quod

93 3667 242 3768 emporis
261 3669 490 3746 intervallum
509 3690 593 3744 eum
611 3668 766 3744 multum
792 3667 825 3741 se
841 3666 999 3766 probasse
1015 3691 1082 3742 no·
1186 3690 1191 3695 ·

984 3792 1029 3839 vo

111 3867 155 3954 sl)
176 3872 315 3956 Littetae
326 3873 465 3971 integrps
488 3868 617 3946 exhibet
643 3854 963 3991 manumissa
980 3892 1092 3962 noo,-
1183 3847 1193 3871 Κ
