2484 4200
131 171 237 269 stsb
380 144 382 148 ⁵
445 149 929 272 *irudrnsilslastsaan
1015 200 1018 206 J

183 333 263 413 licis
281 357 325 410 ac
341 284 553 420 secularibds
563 299 726 431 'negotiis
738 337 814 412 sere
825 348 925 414 totus
935 310 1196 434 occuparetur}

183 446 307 510 tameo
334 434 583 511 Archidiaecefr
608 436 679 512 suae
703 436 895 536 regendae,
932 436 1038 513 Clero
1063 439 1100 515 ἃ
1120 437 1195 512 Po«

183 535 271 634 pulo
292 534 352 609 srbi
375 533 555 610 commisso
579 537 670 612 bene
684 537 933 633 gubernandm
958 537 1195 633 corrigendo,

20 710 22 722 ,
92 666 95 671 ·
176 635 208 716 ἢ
228 634 465 710 dosirinarum
494 644 670 711 novarum
699 639 914 732 contagione
941 636 1195 734 preservande

184 735 390 831 egregiam,
411 758 482 825 nec
505 735 667 812 inutilem
693 759 839 834 operam
854 737 1128 832 totoregiminis
1141 734 1197 810 sui

171 844 350 933 ‘tempore
372 834 602 932 impendisse5
626 835 716 910 adeo
734 849 775 911 ut
800 836 886 912 boni
913 836 1061 912 Pastoris
1081 835 1199 932 parti·

183 935 253 1013 bus
265 937 414 1018 minime
428 934 574 1010 defuisse
597 935 791 1011 censendus
805 935 870 1011 sit:
890 937 943 1012 uti
955 935 1101 1014 Sedima
1117 932 1197 1010 IIIL
1230 944 1234 952 ‘

183 1036 315 1110 olarios
344 1034 500 1133 patebit,
529 1035 592 1110 ubi
604 1036 773 1110 litteraria
788 1037 866 1111 eius
879 1035 1116 1114 monumenta
1131 1059 1195 1109 ex.-

21 1138 23 1143 ‘
128 1163 130 1165 ·
183 1135 462 1235 pendentur‚&
486 1155 549 1209 ora
574 1135 843 1221 oblocutorum,
873 1135 997 1212 Virum
1019 1158 1196 1234 merepm

182 1236 313 1310 silicam
341 1248 451 1331 atque
478 1234 631 1331 negotiis
656 1233 880 1311 saecularibus
903 1237 1008 1311 unice
1031 1235 1196 1309 deditum

45 1370 47 1378 ⁸
126 1387 128 1391 >
163 1333 348 1436 'Nostrum
372 1335 608 1419 facientium,
639 1335 873 1412 obstruentur.
925 1335 1077 1410 Eximiis
1108 1358 1195 1408 vero

22 1461 25 1469 ·
72 1512 74 1521 ,
101 1452 103 1457 “
182 1438 368 1513 amoribus
391 1436 666 1532 prosequebatur
690 1435 912 1532 capitulares
940 1434 1019 1510 suos
1029 1472 1048 1521 1,.
1066 1433 1196 1529 quibus

47 1577 49 1588 =
148 1532 156 1548 ‘
184 1535 402 1612 seinvicem
430 1535 475 1610 ob
495 1534 759 1609 humanitatem
779 1548 816 1609 et
841 1535 1013 1611 benesi'cia
1043 1531 1196 1609 charisii·

107 1674 108 1678 ¹
137 1648 143 1658 ’
183 1659 287 1712 mum
312 1635 454 1716 sciebat.
517 1635 571 1709 Ea
601 1656 641 1708 re
669 1633 776 1710 erodii
804 1633 1015 1733 adjecerunt
1034 1633 1196 1710 animum

50 1742 85 1759 ”
133 1791 134 1795 ¹
184 1737 234 1809 ad
264 1736 476 1809 'vindicanda
533 1729 689 1808 'ordinis
715 1734 765 1811 sui
791 1736 1003 1831 dignitatem
1027 1733 1185 1808 advers

183 1834 395 1912 Caenobitas
421 1832 458 1911 S.
531 1835 602 1919 tri,
625 1835 753 1931 quibus
779 1858 825 1908 ex
848 1858 948 1910 more
960 1832 1194 1930 antiquiffimo

182 1935 326 2031 dignior
352 1938 392 2010 in
416 1933 729 2031 supplicationibus
750 1935 850 2010 locu‘s
877 1936 1082 2026 debebatur.
1111 1933 1195 2008 Aio

113 2072 115 2076 ⁴
182 2036 296 2112 bant:
323 2035 505 2134 exspirasse
526 2034 600 2133 jam
618 2033 770 2110 caussam
788 2034 1059 2110 huiuslndulti:
1084 2054 1199 2131 nuper·

183 2133 220 2210 se
244 2135 449 2211 Canonicos
474 2132 610 2234 Regasd‘
630 2134 668 2213 S.
695 2135 889 2236 *Augustini
910 2134 1115 2221 devinsioS,
1131 2157 1194 2208 nec

103 2288 105 2302 ·
128 2275 129 2278 ¹
165 2246 169 2250 '
184 2237 333 2312 meliore
348 2238 553 2319 conditione
563 2247 578 2322 ,“
588 2259 695 2333 quam
711 2236 928 2320 monachos,
947 2234 1066 2309 fuisse:
1082 2256 1196 2320 nuno,

183 2338 333 2412 edulios
361 2338 400 2411 in
424 2337 624 2412 libertatem
654 2335 1041 2433 Ordinis‘Plposiolici,
1065 2333 1194 2408 referre

71 2432 74 2438 ’
150 2429 153 2435 ’
182 2459 319 2530 corpus
341 2433 509 2510 Ecclesiae
535 2437 831 2532 metropoliticae;
857 2452 894 2511 et
916 2457 998 2532 quae
1025 2432 1107 2507 sunt
1132 2434 1196 2507 alia

183 2535 419 2611 huiusmodi·
451 2537 572 2610 Primo
596 2536 641 2611 lis
669 2537 805 2630 agitata
830 2535 928 2632 apud·
955 2533 1193 2630 slrchiepisco

183 2658 296 2734 pum,
325 2660 395 2730 quo
414 2635 513 2710 haud
524 2633 667 2710 obscure
683 2635 944 2733 Capitularibus
962 2634 1029 2706 suis
1042 2633 1194 2719 favente,

127 2799 129 2802 ,
185 2734 311 2818 caussa
323 2735 466 2809 Romam
482 2735 608 2809 delata.
663 2736 724 2811 Sic
750 2759 852 2813 anno·
872 2724 1027 2824 lllDlsX.
1044 2733 1202 2834 gemina.

184 2834 373 2911 sententiae
396 2859 459 2932 pro
486 2835 698 2910 monasterio
721 2835 805 2910 latae
832 2835 937 2909 funt:
964 2835 1085 2909 Tertia
1104 2855 1195 2907 anno

141 2943 147 2954 '
185 2935 367 3031 sequenti,
387 2936 568 3010 iterumin
595 2935 800 3027 monasterii
811 2936 970 3010 savorem
988 2934 1192 3030 pronuncia·

184 3049 244 3119 ta,
259 3034 311 3109 liti
338 3036 532 3114 admodum
549 3033 777 3131 dispendiosae
793 3035 901 3113 linem
914 3033 1013 3109 fecit.
1054 3033 1191 3107 interim

185 3133 552 3230 Antistesbnegotiis
574 3133 724 3231 publicis
755 3136 903 3210 minime
928 3134 1089 3211 vacabat.
1117 3133 1191 3206 Ete-

180 3237 262 3308 -nim
292 3235 409 3310 Caroli
427 3237 599 3314 mandata
623 3235 793 3332 perlicere
814 3234 987 3319 studens,
1013 3254 1077 3330 per
1100 3234 1191 3306 tabu·

138 3335 241 3419 ⁴*las
264 3337 424 3431 publicas
441 3337 499 3410 die
514 3356 549 3430 7.
575 3334 727 3410 Ianuarii
751 3359 847 3410 anno
877 3357 966 3428 rsro
982 3334 1105 3417 datas,
1130 3333 1191 3406 De·

186 3436 329 3529 legatos
355 3437 582 3524 nominavit,
603 3436 665 3531 qui
689 3458 753 3532 per
778 3435 979 3533 provincias
1006 3433 1190 3534 Austrr'mm
1232 3508 1234 3517 Α

184 3534 441 3632 jusjurandum
467 3534 696 3634 colligerent:
714 3537 774 3633 qui
802 3550 923 3610 tamen
949 3533 1011 3631 ipsr
1024 3530 1192 3607 inferioris
1232 3586 1234 3599 .

190 3634 339 3735 Austrim
378 3637 532 3711 Ordines
557 3635 781 3729 refragantes
803 3638 1028 3711 invenerunt.
1091 3630 1189 3706 Subin
1231 3634 1234 3645 '

180 3733 318 3812 ·-Caroso
338 3760 384 3810 ex
400 3734 577 3838 Hispaniis
593 3737 631 3814 in
644 3734 802 3837 Belgium
816 3735 959 3835 appulso
981 3733 1119 3910 obvippn
1137 3728 1191 3802 init

373 3872 385 3894 s
601 3857 604 3860 ⁴
744 3888 748 3897 ,
1085 3841 1148 3907 'at-
