2484 4200
157 204 208 265 22
308 140 542 275 cernuatus
555 168 624 293 xvel
647 188 771 249 nrncrr
796 126 982 274 (Xystus)

234 342 505 426 Anactorionum
527 336 651 438 Syiaas
666 341 713 430 «ia
741 360 925 416 caurum
950 339 989 419 δι
1005 347 1176 422 carnari

159 468 336 528 nntium.
1155 486 1160 495 ,

244 541 392 620 Tabulas
414 541 450 614 ia
480 556 704 623 vaunnam,
730 560 822 636 quas
846 536 905 618 vel
933 536 1025 613 meis
1040 537 1176 636 addam

120 704 123 709 ,
161 657 198 741 (a
210 647 239 722 it
264 639 463 726 austeus)
490 639 549 712 vel
576 637 714 712 seoriim
730 638 922 736 aliquando
946 637 1065 714 edam.

109 736 112 745 ’
234 742 380 820 Libram
405 739 576 821 variorum
603 735 797 813 Carminam
823 736 863 816 fi
884 735 1128 835 Epistularum.
1160 773 1164 790 ι

231 845 357 919 Habes
376 894 385 925 ‚
412 839 527 914 amice
543 836 669 912 tenor
682 837 691 914 i
704 838 749 913 de
771 837 878 939 Xyflo
893 859 1094 913 nataturo
1110 863 1176 914 no·

159 944 248 1030 stro,
271 944 317 1017 de
343 962 439 1038 quo,
462 936 487 1013 st
512 936 635 1023 lubet,
660 936 840 1035 consulere
866 959 1009 1036 quoque
1036 937 1176 1036 poteris

159 1060 464 1119 anurnuaouam
488 1038 526 1112 in
541 1034 811 1136 Prosopograpir.
845 1035 938 1135 Tam.
952 1035 1026 1114 III.
1041 1063 1073 1114 n.
1095 1041 1176 1136 Xy·

36 1222 42 1255 ι
160 1140 247 1222 stus.
277 1138 447 1218 Gaitielm.
483 1157 738 1217 xuanunaunr
765 1138 804 1213 in
819 1137 963 1236 Prasat.
991 1137 1176 1215 Versronis

117 1292 124 1325 f
160 1262 377 1318 antioona
399 1261 578 1313 caustum
595 1236 632 1317 in
651 1238 782 1314 Arnai.
800 1236 930 1315 Saenia.
946 1237 1075 1329 Dodea.
1097 1237 1176 1317 IIL

130 1332 428 1419 “urcuaonrunr
456 1339 493 1413 in
519 1337 723 1426 Memoirer,
756 1336 1033 1416 aXXXXH.

235 1440 311 1516 Iam
338 1437 537 1514 de'Ioaane
567 1458 734 1525 ursano,
768 1440 870 1521 cuius
896 1440 936 1515 in
956 1441 1025 1513 hac
1052 1459 1176 1512 narra·

119 1616 123 1635 ,
147 1542 258 1639 ‚tione
280 1539 468 1639 aliquoties
489 1535 725 1613 mentiofatia
750 1538 823 1622 est,
850 1560 964 1636 pauca
979 1537 1114 1613 addere
1126 1540 1176 1613 lo·

40 1694 43 1699 -
160 1638 450 1719 cus&occas10
484 1636 643 1713 suadent.
705 1636 789 1714 Fuit
811 1639 843 1714 is
866 1639 1111 1740 Augustanus,
1139 1638 1176 1716 dr

44 1775 47 1781 ·
158 1743 206 1818 ob
226 1739 359 1824 solam,
385 1760 494 1836 quam
525 1734 622 1835 typis
652 1737 787 1828 edidit,
826 1737 867 1815 V
864 1734 946 1814 itam
977 1737 1080 1836 Xylti
1108 1761 1176 1815 aa·

80 1905 83 1912 .
159 1864 304 1916 aaran
325 1839 433 1914 nostri
457 1840 575 1935 (nam
587 1836 657 1911 alia
672 1839 749 1913 eius
763 1837 904 1936 Scripta
917 1841 1080 1914 invenire
1096 1839 1175 1914 nui·

158 1940 195 2016 la
206 1938 339 2038 potui)
360 1935 526 2037 praesenti
539 1936 755 2017 Bibliotheca
767 1961 860 2015 meae
874 1937 1083 2037 Argustana
1098 1963 1172 2015 me·

158 2041 230 2116 rito
260 2039 477 2115 inserendus.
525 2037 622 2113 Huic
647 2039 720 2134 (dt
746 2037 849 2135 supra
874 2040 896 2116 a
921 2062 981 2114 me
1005 2037 1171 2139 ditium)

100 2149 104 2163 ’
157 2160 385 2216 curaturus
410 2141 513 2239 auster
538 2137 731 2213 studiorum
750 2152 987 2214 mecaenatem
1004 2163 1068 2236 per
1082 2140 1169 2215 inte·

1 2311 2 2316 i
41 2312 44 2317 ,
157 2263 264 2336 grum
277 2238 500 2336 septennium
518 2235 673 2336 Ifielr'aum
688 2239 867 2335 quendam
891 2241 1173 2317 commendatio·

157 2364 206 2419 ne
234 2339 294 2414 sua
318 2337 531 2413 conciliavit.
592 2336 689 2416 Huic
719 2339 835 2412 eidem
863 2338 983 2439 Noster
1008 2338 1167 2439 Sympho-

7 2430 13 2445 ’
157 2426 224 2513 aia
259 2437 332 2514 suae
363 2435 422 2521 [eu
456 2435 779 2513 Cnncordarrtr'araa
802 2461 989 2536 graecarum
1011 2444 1092 2516 aovi
1113 2439 1167 2515 Tr·

147 2539 307 2641 flameati
336 2536 619 2630 recognitionem
646 2537 887 2641 demandauit.
946 2541 1082 2617 Docuit
1110 2563 1167 2615 au·

156 2649 232 2713 tem
259 2637 319 2713 ille
345 2636 484 2732 publice
513 2628 676 2736 Braſsica,
718 2639 773 2714 uti
805 2638 952 2714 testatur
978 2640 1085 2715 Liber
1111 2639 1166 2716 sub

110 2779 115 2793 ·
155 2737 286 2824 titulo,
312 2735 454 2814 Arteria
474 2733 664 2822 Raurica,
685 2763 722 2835 p.
740 2744 821 2816 266.
849 2737 887 2814 dc
911 2762 994 2834 294.
1022 2739 1166 2839 sequen·

155 2839 252 2914 tibus
275 2837 417 2912 verbis:
444 2833 588 2909 Ioannes
614 2856 772 2913 ursinus
797 2834 959 2938 Augusta
975 2838 1166 2916 Vindelico·

42 2990 45 2994 -
154 2963 232 3016 ram
260 2949 387 3021 eratus,
430 2932 591 3032 Tabiaga
614 2933 757 3010 Artium
782 2934 970 3012 tiberalium
1004 2940 1166 3044 Magister

149 3038 405 3138 proclamatus,
419 3034 603 3135 eruditione
608 3033 676 3131 saa
689 3034 926 3136 Bafiieerrstbas
938 3040 1096 3126 innotuit,
1111 3040 1166 3134 qui

154 3140 186 3212 ei
198 3139 235 3212 in
250 3135 454 3235 Padagogia
467 3135 692 3235 profeffioaem
707 3135 916 3226 Rhetorica,
933 3137 1063 3236 scilicet
1083 3142 1125 3219 V
1122 3146 1165 3217 ir·

16 3274 17 3279 *
152 3237 231 3336 giiii
255 3248 349 3313 aano'
380 3259 482 3330 1550.
511 3231 556 3309 &⁴
579 3259 667 3309 aaran
705 3259 810 3329 1551.
834 3239 870 3312 ia
896 3238 1085 3317 Academia
1110 3243 1164 3317 iti·

152 3337 225 3412 dem
245 3334 473 3439 prosefflonem
496 3331 683 3411 Rhetorica
699 3335 903 3414 detulerunt:
926 3362 1026 3436 qaam
1041 3355 1164 3418 atram·

152 3462 216 3535 que
241 3433 906 3536 diiigentercurauitadhacaaao1556.
933 3439 1039 3516 Arena
1065 3460 1161 3540 1557.

152 3538 200 3612 ad
225 3535 397 3637 Phaficam
421 3537 610 3611 translatus
629 3537 763 3635 iegitur.
820 3537 905 3715 §faa
913 3544 1078 3641 postrema
1098 3546 1162 3618 eiar

143 3638 230 3736 sata
243 3641 404 3738 suerint,
432 3639 598 3740 repperire
624 3635 719 3717 aubis
744 3663 811 3717 aaa
849 3643 942 3720 icon.

1001 3810 1116 3892 Koa«
