2484 4200
115 808 118 813 ’
243 774 682 885 ῬΙΒᾹΞΕΑ
724 774 922 887 ΤΙΟ.

108 1059 322 1256 Vides,
366 1062 499 1153 amice
539 1060 714 1155 Leaor!
758 1019 1024 1179 alphabetum
1072 1065 1122 1155 V.
1164 1040 1168 1123 Ϊ

224 1177 475 1268 ·Bibiiotherae
500 1207 607 1268 meae
633 1178 907 1292 Augustam,
954 1178 1008 1267 de
1030 1208 1121 1296 quo

109 1323 275 1417 pauca,
306 1298 438 1411 magis
452 1322 529 1412 pro
544 1293 878 1402 consuetudine,
909 1323 1036 1412 quam
1050 1324 1126 1385 ne·

111 1410 298 1506 ceffitate
322 1411 624 1529 praemonenda
653 1413 815 1502 censeo.
973 1474 979 1481 -

232 1527 374 1615 Habes
398 1530 443 1614 in
463 1528 536 1615 illo
570 1523 705 1617 Vitam
731 1527 841 1646 Xyfli
855 1521 1132 1616 BETULEII‘

114 1641 568 1735 Grammatodidascaii
578 1699 591 1744 ‚
609 1645 716 1760 qui,
745 1648 901 1762 primus
916 1645 940 1732 i
957 1642 1122 1730 Gelden·

112 1762 258 1848 haurio
301 1760 592 1872 Noviomago,
635 1760 875 1850 nascentem
900 1759 1127 1861 ‚Scholam

114 1884 226 1967 San·
239 1875 492 1964 Annaeanarn
505 1875 696 1990 Augusta
709 1879 902 1993 provexit
917 1879 961 1963 in
979 1888 1126 1990 majus.

119 1993 265 2081 Habes
281 1994 607 2082 VitamMatthaei
617 1993 839 2089 LANGss,
856 1992 961 2088 521³.
973 1995 1021 2090 Ε.
1033 1996 1129 2080 Car·
1166 2035 1171 2046 ·

117 2110 286 2209 dinariis,
317 2112 369 2199 &¹
383 2109 666 2224 Archiepiscopi
689 2108 989 2223 Saiisburgenfis
1000 2163 1013 2206 ,
1057 2105 1158 2192 tri···

115 2225 475 2315 buesmrionibus
492 2224 858 2342 comprehensam:
876 2229 921 2311 in
935 2252 1020 2339 qua
1028 2246 1133 2312 con·

121 2340 340 2430 cinnanda
363 2345 424 2430 ita
447 2341 707 2459 Scriptores,
737 2340 892 2458 quide
919 2342 1020 2429 Viro
1046 2336 1133 2424 hoc

86 2502 88 2508 ·
121 2460 308 2547 maximo
336 2476 438 2547 ante
463 2486 531 2544 me
559 2470 767 2573 egerunt,
808 2455 899 2543 sum
933 2457 1132 2551 secutus,

124 2595 204 2670 ut,
241 2601 338 2688 quae
368 2572 428 2659 illi
459 2572 719 2671 attulerunt,
755 2575 801 2660 in
826 2600 962 2660 unum
990 2571 1135 2659 omnia

121 2689 320 2779 brevibfis
342 2688 476 2779 verbis
509 2688 685 2780 studiose
712 2690 982 2804 collegerim3
1017 2686 1135 2773 dein·
1176 2728 1182 2739 1

127 2806 180 2892 de
204 2835 303 2894 vero
321 2805 655 2920 quamplurima,
687 2833 783 2920 quae
799 2807 892 2892 illos
908 2802 1135 2920 fugerunt,

130 2948 284 3037 cpenu
314 2949 408 3006 mea
433 2923 630 3010 litteraria
656 2921 905 3037 deprompta
937 2923 983 3008 in
1001 2914 1137 3032 scilia·
1231 2921 1240 2936 '

129 3065 178 3122 ne
208 3058 301 3122 tum
331 3043 496 3151 prima,
541 3056 635 3124 tum
674 3039 857 3124 maxime
894 3039 940 3122 in
968 3029 1137 3151 serlione

120 3149 315 3269 secunda,
362 3155 446 3267 quai
472 3153 593 3240 Βοῖος
629 3156 745 3252 eius,
790 3155 834 3243 &
871 3153 1008 3248 tertia,
1051 3173 1164 3263 qua*

133 3269 310 3354 doctrina
344 3273 430 3356 eius
462 3266 512 3362 {7
547 3267 740 3355 litteraria
779 3286 1035 3356 monumenta
1069 3288 1139 3348 ex·

129 3405 388 3497 ponuntur,
436 3386 637 3472 hacienus
678 3388 857 3471 omnino
892 3385 1040 3499 ignota
1088 3405 1140 3466 ac

134 3501 281 3614 (quod
307 3499 565 3617 consequens
588 3502 678 3611 est)
707 3503 830 3615 plane
856 3526 967 3585 nova
988 3499 1031 3580 in
1056 3523 1139 3578 me·

136 3612 252 3699 dirim
279 3615 500 3731 proferam.
576 3610 995 3732 Qra‘p'ropterhaud
1027 3613 1142 3697 mira·
1174 3648 1178 3655 ·

138 3729 267 3832 beris,
297 3732 420 3848 quod
450 3734 544 3823 haec
577 3739 666 3824 vira
696 3733 781 3821 sola
804 3733 898 3850 plus
921 3757 1048 3860 quam
1069 3747 1147 3813 ter·

989 3867 1105 3942 iim
1134 3910 1139 3919 -
